2717 4800
736 137 1102 182 turannos.
1188 135 1646 182 rumosam-ns.
2163 123 2296 193 329

94 278 345 352 «πολλὰ
376 278 505 373 γάρ
542 283 687 350 ἐστι
726 282 813 350 τὰ
850 278 1193 352 κωλύοντά
1230 306 1390 370 με.»
1484 291 1685 370 Quam
1727 291 2101 355 seutentiam
2133 293 2296 362 Pro·-

89 414 346 487 tagomn
398 407 467 468 in
520 408 729 488 operis
780 408 875 470 uui
920 409 1097 470 initio
1142 408 1428 488 posuisse
1473 411 1715 470 constat
1773 427 1850 469 ex
1894 408 2088 472 Suida
2131 433 2182 476 s.
2229 427 2292 479 ν.

86 515 543 606 Πρωταγόρας,
598 525 959 606 Theophilo
1032 525 1110 585 ad
1169 525 1383 586 Autol.
1444 524 1534 585 111
1609 546 1672 605 p.
1717 527 1846 587 384
1883 527 1945 601 d,
2009 529 2294 594 Eusebio

85 645 295 724 Praep.
315 645 427 706 Ev.
452 643 602 707 xlv
628 645 711 706 19
759 644 1093 722 multisque
1138 644 1273 706 aliis
1301 645 1377 704 ab
1409 645 1492 704 ss.
1515 643 1758 706 Rittero
1793 644 2032 708 Histor.
2061 649 2291 728 philos.

86 763 111 824 1
150 783 217 842 p.
254 761 373 824 588
428 762 737 824 indicatis.
837 764 975 841 Quo
1046 763 1243 842 magis
1300 783 1439 825 eam
1499 763 1714 840 ignoto
1773 762 1960 842 plane
2011 766 2297 846 nullique

85 881 191 942 alii
229 887 701 950 commemorato
732 887 973 959 poetae
1021 881 1410 942 Eudaemoni
1453 879 1644 940 tribui
1687 881 2003 957 miramur,
2042 886 2150 963 qui
2191 905 2296 948 er·-

82 1018 189 1061 ror
224 1002 339 1060 tam
381 998 665 1060 immanis
710 1005 827 1074 est,
870 1002 941 1059 ut
986 999 1249 1060 librariis
1296 997 1505 1078 potius
1551 1015 1736 1075 quam
1779 999 2130 1079 Epiphanio
2171 1004 2298 1066 im-

82 1115 375 1197 putandus
420 1117 522 1176 sit.
608 1117 905 1178 Fortasse
946 1116 1143 1196 igitur
1186 1115 1586 1176 Eudaemoni
1633 1115 2019 1178 Philemonis
2061 1137 2298 1184 uomen-

82 1235 569 1297 substituendum
608 1239 742 1307 est,
804 1234 977 1294 cuiun
1027 1227 1263 1313 χρῆσις
1318 1233 1504 1294 simul
1561 1251 1704 1294 cum
1750 1233 2132 1314 Protagorae
2175 1255 2292 1298 no-

78 1353 240 1414 mine
291 1353 589 1414 excidisse
649 1352 847 1413 videri
898 1355 1126 1430 potest.
1230 1349 1516 1428 Denique
1572 1349 2128 1417 Philocratem
2182 1354 2292 1436 qui

78 1473 239 1534 inter
280 1471 545 1533 comicos
588 1476 805 1550 poetas
846 1473 1292 1543 numerarunt,
1335 1457 1438 1528 usi
1483 1473 1632 1530 sunt
1674 1471 2036 1532 testimonio
2081 1472 2286 1534 Scho-

78 1591 287 1651 liastae
336 1590 415 1650 ad
468 1588 727 1649 Luciani
782 1589 997 1650 Amor.
1056 1589 1175 1649 28:
1232 1575 1487 1658 ταύτην
1549 1577 1670 1660 τὴν
1735 1580 2104 1647 Φιλαινίδα
2125 1631 2146 1664 ,
2199 1579 2290 1664 ἢν

87 1699 497 1790 Φιλοκράτης
539 1698 577 1766 ὁ
629 1696 1018 1781 Ἀθηναῖος
1059 1695 1530 1786 κωμῳδοποιὸς
1575 1694 2076 1783 ἐξεπόμπευσεν.
2172 1709 2290 1772 At-

77 1829 179 1908 qui
218 1826 474 1888 Luciani
518 1825 945 1899 scholiastam‚
988 1823 1390 1904 scriptorem,
1457 1825 1530 1882 ut
1572 1823 1724 1883 satis
1769 1829 2042 1898 constat,
2084 1825 2310 1906 impe--

75 1945 449 2020 ritissimum,
495 1962 531 2004 e
575 1943 906 2023 Polycrate
950 1940 1263 2020 sophista,
1310 1959 1494 2020 quem
1517 1937 1899 2002 Philaenidis
1943 1944 2286 2008 memoriae

74 2063 445 2144 ignominiae
489 2066 697 2122 notam
740 2060 1037 2120 inussisse
1075 2064 1315 2120 constat
1346 2078 1425 2118 ex
1461 2057 1784 2120 Athenaeo
1811 2061 1963 2124 Vlll
1999 2082 2062 2142 p.
2085 2062 2316 2140 3350,-

72 2181 295 2244 feoisse
354 2181 777 2241 Philocratem
830 2178 1171 2252 comicum,
1242 2197 1385 2239 cum
1440 2177 1580 2257 ipse
1637 2175 1872 2240 dudum
1931 2182 2288 2260 suspicatus

76 2321 263 2376 eram,
278 2304 411 2360 tum
426 2297 665 2360 monuit
676 2295 1241 2377 praestantissimus
1257 2297 1313 2358 N
1318 2297 1532 2376 aekius
1556 2295 1634 2357 de
1652 2297 1944 2360 Choerilo
1967 2318 2028 2376 Ρ.
2047 2295 2170 2360 193
2191 2319 2286 2379 sq.

27 2472 29 2475 ,
76 2420 201 2481 lam
259 2438 385 2481 non
444 2422 543 2479 est
597 2416 764 2496 quod
823 2416 1133 2495 copiosius
1196 2414 1545 2475 refutemus
1601 2413 2285 2493 Schweighaeuserum,

74 2539 179 2617 qui
240 2540 611 2617 corruptum
669 2534 875 2596 locum
930 2533 1239 2596 Athenaei
1280 2532 1398 2596 XV
1441 2552 1506 2611 Ρ.
1551 2531 1675 2591 699
1705 2529 1741 2591 f
1783 2530 1873 2596 ita
1922 2531 2039 2593 sibi
2090 2534 2288 2595 corri-

73 2672 223 2735 gere
266 2654 437 2715 visus
480 2660 600 2729 est,
647 2658 717 2713 ut
764 2651 1137 2715 Philocratis
1184 2650 1406 2711 comici
1447 2668 1674 2711 nomeu
1718 2649 2098 2713 restitueret.
2145 2652 2312 2715 Dis--

72 2772 222 2832 serit
264 2772 628 2835 Athenaeus
692 2771 769 2831 de
822 2788 939 2831 usu
1000 2768 1443 2831 vocabulorum
1502 2756 1733 2845 λύχνος
1787 2772 1852 2827 et
1901 2763 2286 2849 λυχνοῦχος,

71 2909 255 2970 quem
302 2891 603 2971 exemplis
645 2890 1119 2951 confirmaturus
1164 2888 1331 2947 inter
1376 2886 1525 2948 alian
1563 2876 1829 2965 χρήσεις
1891 2887 2078 2947 etiam
2119 2887 2314 2950 hanc-

74 3009 285 3088 ponite
331 3027 413 3090 φι
439 3052 453 3069 .
483 3050 500 3067 .
534 3053 551 3071 .
583 3025 699 3081 της
748 2998 821 3065 δῖ
862 3002 933 3065 ἐν
984 2998 1333 3091 Τριόδοντι
1375 2994 1420 3081 ἢ
1457 2996 1872 3089 ’.Ρωποπώλῃ
1916 2998 2247 3087 προειπών
2265 3024 2290 3079 ·,

495 3119 661 3206 λάβε
705 3117 1057 3208 τριόδοντα
1100 3122 1214 3187 καὶ
1258 3117 1620 3205 λυχνοῦχον
1661 3162 1746 3174 --·

74 3236 397 3326 ἐπιφέρει·
516 3316 522 3323 ‚

493 3353 613 3441 ἐγώ
664 3356 736 3421 δὲ
778 3354 965 3443 δεξιᾷ
995 3380 1067 3439 γε
1112 3352 1297 3420 τόνδ’
1346 3353 1470 3440 ἔχω
1518 3350 1684 3435 τινά,

496 3472 1003 3562 σιδηρότευκτον
1044 3470 1324 3539 ἐναλίων
1371 3473 1607 3561 θηρῶν
1655 3472 1864 3557 βέλος,

404 3612 409 3617 ·
495 3590 841 3681 κερατίνου
882 3615 951 3656 τε
999 3587 1370 3680 φωσφόρου
1414 3588 1653 3677 λύχνου
1695 3592 1910 3666 σέλας.
1969 3612 2033 3703 ὁ

72 3712 209 3789 Quo
252 3717 403 3779 loeo
451 3736 820 3797 quamquam
866 3716 1129 3778 difficile
1172 3717 1341 3777 (lietu
1389 3721 1486 3777 est
1527 3716 1678 3795 quid
1720 3710 2004 3777 subistis
2044 3708 2282 3771 littera-

66 3845 198 3897 rum
255 3837 456 3919 signis
512 3837 735 3910 lateat,
802 3836 1104 3915 suspicari
1166 3840 1407 3895 tamen*
1435 3832 1650 3895 licebit
1708 3831 2032 3912 scripsisse
2085 3829 2281 3890 Athe-

67 3964 297 4017 naeum
352 3945 795 4027 Φιλιππίδης,
842 3972 1001 4035 quae
1044 3953 1406 4016 coniectura
1447 3952 1665 4017 nititur
1706 3948 2072 4013 auctoritate
2113 3944 2283 4009 Pho-

145 4082 291 4142 Hist.
334 4086 448 4141 crit.
486 4087 636 4140 Com.
672 4101 843 4151 graec.
1360 4159 1364 4163 ι
1773 4066 1859 4126 31
