2717 4800
976 205 2346 279 wflm.1¹

141 374 487 482 magna&
508 380 651 457 imo
700 396 879 461 vero
928 374 1257 455 maius-'em
1308 376 1472 454 libri
1497 373 1768 481 partem
1815 378 2101 457 {territis
2143 378 2342 460 curis

142 508 579 606 refingerem.
694 504 853 585 Sed
928 506 1123 583 facta
1187 505 1457 584 infecta
1529 504 1735 585 reddi
1797 532 1938 588 non
1999 518 2341 611 possunt·

140 636 249 713 cui
297 633 740 712 incommodo
792 641 869 710 ut
892 640 1221 733 quantum
1266 622 1348 710 in
1398 656 1510 709 me
1550 632 1854 735 positum
1906 642 2110 712 esset
2157 636 2338 713 sub-

41 840 43 847 ,
139 764 491 857 venirem,
554 734 1023 863 appendicem
1072 758 1446 835 additurus
1512 780 1743 857 eram,
1816 760 1888 835 in
1954 788 2094 861 qua
2151 762 2343 840 falsa

138 888 603 987 corrigerem,
678 888 947 965 omissa
1028 884 1472 987 supplerem,
1551 886 1694 965 alia
1770 885 1863 963 de
1943 890 2197 989 quibus
2265 891 2338 967 in

136 1024 495 1115 utramque
540 1022 813 1117 partem
864 1011 1215 1116 disputari
1276 1018 1536 1112 posset
1597 1022 2080 1093 retractarem.
2183 1014 2341 1095 Sed

143 1168 345 1242 quum
462 1143 544 1217 in
655 1140 923 1218 ceteris
1024 1139 1500 1240 voluminibus
1593 1154 1758 1217 'non
1856 1142 2342 1243 benigniorem

135 1269 297 1344 mibi
384 1276 653 1345 sortem
748 1268 906 1345 fore
984 1263 1438 1367 praevideam
1465 1322 1487 1364 ,
1581 1268 1916 1369 optimum
2013 1271 2340 1367 arbitror,

134 1420 219 1471 ne
272 1393 719 1497 „addenda”
784 1404 997 1494 atque
1058 1393 1332 1489 „etiam
1383 1392 1766 1491 addenda”
1826 1421 1962 1498 per
2007 1397 2341 1498 singulas

131 1522 474 1625 deinceps
524 1530 770 1625 partes
840 1544 1017 1599 sese·
1075 1518 1474 1622 excipiant,
1535 1520 1872 1623 quidquid
1929 1524 2054 1600 vel
2104 1525 2340 1602 corri-

130 1650 436 1751 gendum
516 1646 638 1724 vel
706 1648 1177 1750 supplendum
1256 1648 1614 1725 videbitur
1672 1648 1743 1725 in
1798 1648 2068 1728 calcem
2117 1653 2342 1731 totius

126 1778 363 1881 operis
416 1772 744 1853 reiicere.
797 1777 1025 1867 Quam
1074 1774 1165 1852 ob
1211 1800 1502 1853 causam
1553 1778 1886 1877 angustis
1937 1804 2126 1857 nnnc
2174 1782 2337 1880 qui·-

124 1905 280 1981 dem
329 1926 449 1981 me
500 1902 876 1979 continebo
919 1901 1263 1997 terminis,
1307 1927 1406 1979 >ea
1433 1912 1698 1979 tantum
1737 1904 1876 1983 hoc
1921 1905 2084 1983 loco
2133 1933 2336 1985 com-

122 2040 655 2125 memoraturus,
706 2030 959 2130 quibus
997 2028 1187 2130 quod
1235 2038 1575 2132 superest
1613 2030 1906 2111 chartae
1937 2032 2130 2111 haud
2166 2034 2334 2112 inu-

122 2159 331 2237 tiliter
381 2154 660 2261 impleri
710 2181 935 2260 posse
983 2156 1361 2253 videbitur.

308 2308 628 2387 Primum
663 2306 884 2410 igitur
904 2310 1281 2385 manifesto
1314 2334 1563 2387 errore
1591 2310 1843 2414 lapsus
1878 2334 2034 2387 sum
2067 2334 2139 2412 p.
2155 2308 2332 2410 ⁴10,

114 2437 226 2513 ubi
267 2436 597 2513 incertae
622 2437 1164 2541 Aristophontis
1214 2437 1500 2514 fabulae
1549 2439 2016 2538 fragmentum
2066 2463 2330 2514 serva-

116 2573 248 2642 tum
302 2581 487 2641 esse
540 2562 862 2640 dicebam
914 2593 957 2640 a
1008 2565 1442 2668 Theophilo.
1493 2566 1864 2666 Sequutus
1927 2574 2070 2642 tum
2135 2591 2328 2643 eram

113 2693 198 2766 Η.
248 2689 499 2768 Grotii
548 2690 1065 2786 coniecturam,
1112 2690 1231 2791 qui
1278 2691 1682 2796 Excerptis
1733 2721 1802 2797 p.
1848 2693 2052 2772 1004
2103 2692 2328 2770 Ari-

108 2818 421 2894 stonis
473 2815 736 2896 nomini
790 2816 1560 2921 Aristophontem
1609 2821 1999 2896 substituit.
2067 2820 2326 2896 Theo-

103 2946 269 3047 phili
320 2945 539 3021 locus
589 2944 663 3020 in
710 2944 893 3020 libro
942 2943 1033 3021 ad
1077 2945 1516 3046 Autolycum
1553 2945 1666 3022 111
1715 2973 1784 3048 p.
1802 2947 1952 3023 296
2003 2947 2120 3027 hic
2168 2956 2326 3027 est.

102 3072 243 3161 περὶ
284 3073 420 3158 μὲν
460 3070 637 3136 θεοῦ
675 3069 795 3136 καὶ
837 3069 1155 3162 προνοίας
1188 3064 1612 3156 Λρίστων”
1573 3094 1743 3160 εφη·

408 3207 497 3273 Α.
550 3201 840 3323 Θάρσει·
883 3205 1174 3290 βοηθεῖν
1214 3205 1384 3274 πᾶσι
1423 3205 1552 3295 γὰρ
1595 3209 1731 3289 τοῖς
1769 3203 1981 3292 ἀξίοις

398 3289 649 3382 εἴωθεν
690 3313 728 3381 o‘
770 3311 961 3399 θεός,
1002 3320 1139 3394 τοῖς
1182 3317 1251 3390 δὲ
1297 3311 1622 3398 τοιούτοις
1664 3315 1951 3408 σφόδρα.

402 3449 461 3492 ει
500 3426 597 3511 μὴ
642 3428 973 3518 παρέσται
1013 3427 1330 3518 προεδρία
1377 3452 1476 3510 τις
1515 3430 1786 3515 κειμένη

398 3539 537 3616 τοῖς
576 3538 775 3620 ζῶσιν
812 3539 902 3620 ὥς
942 3540 1061 3617 δεῖ,
1108 3537 1176 3606 τί
1218 3541 1422 3605 πλέον
1467 3541 1652 3606 ἐστὶν
1691 3537 2019 3624 εὐσεβεῖνς

296 3652 351 3720 ὖ
396 3649 489 3714 Β.
533 3648 635 3729 εἴη
679 3648 809 3737 γὰρ
848 3645 1083 3731 οὕτως·
1133 3648 1305 3718 ἀλλὰ
1342 3654 1458 3718 καὶ
1501 3652 1657 3717 λίαν
1697 3642 1834 3740 ὁρῶ

402 3758 555 3838 τοὺς
599 3756 885 3845 εὐσεβῶς
925 3768 1046 3846 μὲν
1088 3761 1434 3848 ἑλομένους
1475 3758 1798 3844 διεξάγειν

393 3866 811 3958 πράττοντας
856 3869 1151 3953 ἀτόπως,
1200 3872 1355 3952 τοὺς
1403 3875 1473 3944 δὲ
1515 3873 1726 3959 μηδὲν
1769 3872 1987 3958 ἕτερον’
2027 3859 2073 3954 ἢ

395 3981 475 4048 τὸ
519 3981 848 4062 λυσιτελὲς
888 3990 1005 4052 καὶ
1046 3987 1123 4053 τὸ
1163 3979 1318 4052 κατ’
1365 3981 1606 4064 αὐτοὺς
1645 3981 1876 4068 μόνον,
1929 4059 1934 4065 ι

388 4095 821 4184 ἐντιμοτέραν
862 4097 1134 4184 ἔχοντας
1178 4094 1366 4184 ἡμῶν
1406 4097 1742 4172 διάθεσιν.
