<?xml version="1.0" encoding="UTF-8"?>
<!DOCTYPE html PUBLIC "-//W3C//DTD XHTML 1.0 Transitional//EN"
    "http://www.w3.org/TR/xhtml1/DTD/xhtml1-transitional.dtd">
<html xmlns="http://www.w3.org/1999/xhtml" xml:lang="en" lang="en">
 <head>
  <title>
</title>
<meta http-equiv="Content-Type" content="text/html;charset=utf-8" />
  <meta name='ocr-system' content='tesseract 3.04.00' />
  <meta name='ocr-capabilities' content='ocr_page ocr_carea ocr_par ocr_line ocrx_word'/>
</head>
<body>
  <div class='ocr_page' id='page_1' title='image "./fragmentacomico12meingoog_0014.png"; bbox 0 0 2717 4800; ppageno 0'>
   <div class='ocr_carea' id='block_1_1' title="bbox 356 148 1755 227">
    <p class='ocr_par' dir='ltr' id='par_1_1' title="bbox 356 148 1755 227">
     <span class='ocr_line' id='line_1_1' title="bbox 356 148 1755 227; baseline -0.009 0"><span class='ocrx_word' id='word_1_1' title='bbox 356 157 507 227; x_wconf 73' lang='lat' dir='ltr'><strong>vul</strong></span> <span class='ocrx_word' id='word_1_2' title='bbox 1234 148 1755 220; x_wconf 67' lang='lat' dir='ltr'><strong>manuue.</strong></span> 
     </span>
    </p>
   </div>
   <div class='ocr_carea' id='block_1_2' title="bbox 270 316 2689 4102">
    <p class='ocr_par' dir='ltr' id='par_1_2' title="bbox 270 316 2689 3574">
     <span class='ocr_line' id='line_1_2' title="bbox 353 316 2563 427; baseline -0.002 -26"><span class='ocrx_word' id='word_1_3' title='bbox 353 332 617 427; x_wconf 73' lang='lat' dir='ltr'><strong>quotus</strong></span> <span class='ocrx_word' id='word_1_4' title='bbox 684 344 861 401; x_wconf 79' lang='lat' dir='ltr'><strong>osse</strong></span> <span class='ocrx_word' id='word_1_5' title='bbox 926 317 1219 415; x_wconf 80' lang='lat' dir='ltr'><strong>videor,</strong></span> <span class='ocrx_word' id='word_1_6' title='bbox 1295 327 1380 399; x_wconf 86' lang='lat' dir='ltr'><strong>nt</strong></span> <span class='ocrx_word' id='word_1_7' title='bbox 1443 320 1860 397; x_wconf 77' lang='lat' dir='ltr'>nostratium</span> <span class='ocrx_word' id='word_1_8' title='bbox 1925 316 2172 397; x_wconf 74' lang='lat' dir='ltr'><strong>studia</strong></span> <span class='ocrx_word' id='word_1_9' title='bbox 2232 316 2325 402; x_wconf 76' lang='lat' dir='ltr'><strong>ad</strong></span> <span class='ocrx_word' id='word_1_10' title='bbox 2383 316 2563 400; x_wconf 70' lang='lat' dir='ltr'><strong>banc</strong></span> 
     </span>
     <span class='ocr_line' id='line_1_3' title="bbox 351 446 2566 547; baseline -0.002 -18"><span class='ocrx_word' id='word_1_11' title='bbox 351 450 995 537; x_wconf 76' lang='lat' dir='ltr'><strong>fructuosissimam</strong></span> <span class='ocrx_word' id='word_1_12' title='bbox 1058 446 1193 525; x_wconf 83' lang='lat' dir='ltr'><strong>sed</strong></span> <span class='ocrx_word' id='word_1_13' title='bbox 1258 446 1420 525; x_wconf 84' lang='lat' dir='ltr'><strong>fere</strong></span> <span class='ocrx_word' id='word_1_14' title='bbox 1471 447 1884 547; x_wconf 78' lang='lat' dir='ltr'><strong>neglectam</strong></span> <span class='ocrx_word' id='word_1_15' title='bbox 1943 453 2020 525; x_wconf 78' lang='lat' dir='ltr'><strong>et</strong></span> <span class='ocrx_word' id='word_1_16' title='bbox 2069 454 2566 534; x_wconf 73' lang='lat' dir='ltr'><strong>senescentem</strong></span> 
     </span>
     <span class='ocr_line' id='line_1_4' title="bbox 270 573 2685 681; baseline -0.001 -26"><span class='ocrx_word' id='word_1_17' title='bbox 270 588 279 595; x_wconf 80' lang='grc'><strong>”</strong></span> <span class='ocrx_word' id='word_1_18' title='bbox 352 601 667 681; x_wconf 83' lang='lat' dir='ltr'><strong>graecae</strong></span> <span class='ocrx_word' id='word_1_19' title='bbox 753 574 1191 674; x_wconf 76' lang='lat' dir='ltr'><strong>antiquitatis</strong></span> <span class='ocrx_word' id='word_1_20' title='bbox 1284 582 1562 677; x_wconf 84' lang='lat' dir='ltr'><strong>partem</strong></span> <span class='ocrx_word' id='word_1_21' title='bbox 1649 573 2120 654; x_wconf 83' lang='lat' dir='ltr'><strong>converterim</strong></span> <span class='ocrx_word' id='word_1_22' title='bbox 2153 628 2176 671; x_wconf 91' lang='lat'>,</span> <span class='ocrx_word' id='word_1_23' title='bbox 2277 597 2568 673; x_wconf 84' lang='lat' dir='ltr'><strong>meoque</strong></span> <span class='ocrx_word' id='word_1_24' title='bbox 2684 620 2685 659; x_wconf 59' lang='lat'><strong><em>;</em></strong></span> 
     </span>
     <span class='ocr_line' id='line_1_5' title="bbox 354 698 2685 805; baseline -0.002 -20"><span class='ocrx_word' id='word_1_25' title='bbox 354 702 687 805; x_wconf 83' lang='lat' dir='ltr'><strong>exemplo</strong></span> <span class='ocrx_word' id='word_1_26' title='bbox 730 701 1031 779; x_wconf 84' lang='lat' dir='ltr'><strong>excitati</strong></span> <span class='ocrx_word' id='word_1_27' title='bbox 1080 702 1488 803; x_wconf 79' lang='lat' dir='ltr'>complures</span> <span class='ocrx_word' id='word_1_28' title='bbox 1549 701 1622 779; x_wconf 93' lang='lat' dir='ltr'><strong>in</strong></span> <span class='ocrx_word' id='word_1_29' title='bbox 1667 699 1919 779; x_wconf 92' lang='lat' dir='ltr'><strong>eodem</strong></span> <span class='ocrx_word' id='word_1_30' title='bbox 1969 710 2388 799; x_wconf 78' lang='lat' dir='ltr'><strong>argumento</strong></span> <span class='ocrx_word' id='word_1_31' title='bbox 2433 700 2570 780; x_wconf 88' lang='lat' dir='ltr'><strong>sibi</strong></span> <span class='ocrx_word' id='word_1_32' title='bbox 2684 698 2685 731; x_wconf 80' lang='lat'><em>³</em></span> 
     </span>
     <span class='ocr_line' id='line_1_6' title="bbox 353 826 2570 926; baseline -0.001 -18"><span class='ocrx_word' id='word_1_33' title='bbox 353 828 857 923; x_wconf 74' lang='lat' dir='ltr'><strong>elaborandum</strong></span> <span class='ocrx_word' id='word_1_34' title='bbox 892 851 1067 905; x_wconf 87' lang='lat' dir='ltr'><strong>esse</strong></span> <span class='ocrx_word' id='word_1_35' title='bbox 1114 827 1612 926; x_wconf 79' lang='lat' dir='ltr'><strong>decreverint,</strong></span> <span class='ocrx_word' id='word_1_36' title='bbox 1660 831 1864 909; x_wconf 79' lang='lat' dir='ltr'><strong>vario</strong></span> <span class='ocrx_word' id='word_1_37' title='bbox 1907 826 2019 904; x_wconf 88' lang='lat' dir='ltr'><strong>illi</strong></span> <span class='ocrx_word' id='word_1_38' title='bbox 2068 826 2346 925; x_wconf 87' lang='lat' dir='ltr'><strong>quidem</strong></span> <span class='ocrx_word' id='word_1_39' title='bbox 2393 850 2570 905; x_wconf 81' lang='lat' dir='ltr'><strong>suc-</strong></span> 
     </span>
     <span class='ocr_line' id='line_1_7' title="bbox 354 953 2570 1059; baseline -0.002 -21"><span class='ocrx_word' id='word_1_40' title='bbox 354 981 575 1049; x_wconf 76' lang='lat' dir='ltr'><strong>cessu</strong></span> <span class='ocrx_word' id='word_1_41' title='bbox 596 1010 621 1052; x_wconf 87' lang='lat'>‚</span> <span class='ocrx_word' id='word_1_42' title='bbox 683 979 913 1057; x_wconf 86' lang='lat' dir='ltr'><strong>neque</strong></span> <span class='ocrx_word' id='word_1_43' title='bbox 978 980 1231 1033; x_wconf 83' lang='lat' dir='ltr'><strong>omnes</strong></span> <span class='ocrx_word' id='word_1_44' title='bbox 1293 956 1396 1037; x_wconf 82' lang='lat' dir='ltr'><strong>ita</strong></span> <span class='ocrx_word' id='word_1_45' title='bbox 1471 964 1548 1031; x_wconf 86' lang='lat' dir='ltr'><strong>ut</strong></span> <span class='ocrx_word' id='word_1_46' title='bbox 1612 979 1878 1059; x_wconf 79' lang='lat' dir='ltr'><strong>operae</strong></span> <span class='ocrx_word' id='word_1_47' title='bbox 1941 953 2238 1057; x_wconf 85' lang='lat' dir='ltr'><strong>pretium</strong></span> <span class='ocrx_word' id='word_1_48' title='bbox 2301 954 2570 1033; x_wconf 80' lang='lat' dir='ltr'><strong>fecisse</strong></span> 
     </span>
     <span class='ocr_line' id='line_1_8' title="bbox 352 1081 2572 1183; baseline -0.002 -24"><span class='ocrx_word' id='word_1_49' title='bbox 352 1082 811 1179; x_wconf 72' lang='lat' dir='ltr'><strong>existirnandi</strong></span> <span class='ocrx_word' id='word_1_50' title='bbox 854 1081 1025 1159; x_wconf 88' lang='lat' dir='ltr'><strong>sint.</strong></span> <span class='ocrx_word' id='word_1_51' title='bbox 1087 1083 1197 1159; x_wconf 86' lang='lat' dir='ltr'><strong>At</strong></span> <span class='ocrx_word' id='word_1_52' title='bbox 1240 1109 1502 1183; x_wconf 82' lang='lat' dir='ltr'><strong>magna</strong></span> <span class='ocrx_word' id='word_1_53' title='bbox 1548 1105 1705 1162; x_wconf 90' lang='lat' dir='ltr'><strong>cum</strong></span> <span class='ocrx_word' id='word_1_54' title='bbox 1756 1082 1968 1159; x_wconf 89' lang='lat' dir='ltr'><strong>laude</strong></span> <span class='ocrx_word' id='word_1_55' title='bbox 2019 1104 2572 1171; x_wconf 79' lang='lat' dir='ltr'><strong>commemoran-</strong></span> 
     </span>
     <span class='ocr_line' id='line_1_9' title="bbox 353 1206 2568 1310; baseline -0.001 -25"><span class='ocrx_word' id='word_1_56' title='bbox 353 1208 507 1301; x_wconf 74' lang='lat' dir='ltr'><strong>dus,</strong></span> <span class='ocrx_word' id='word_1_57' title='bbox 560 1210 725 1285; x_wconf 87' lang='lat' dir='ltr'><strong>mihi</strong></span> <span class='ocrx_word' id='word_1_58' title='bbox 791 1216 907 1291; x_wconf 84' lang='lat' dir='ltr'><strong>est</strong></span> <span class='ocrx_word' id='word_1_59' title='bbox 984 1208 1421 1292; x_wconf 86' lang='lat' dir='ltr'><strong>Theodorus</strong></span> <span class='ocrx_word' id='word_1_60' title='bbox 1501 1210 1910 1310; x_wconf 76' lang='lat' dir='ltr'><strong>Bergkius‚</strong></span> <span class='ocrx_word' id='word_1_61' title='bbox 1991 1208 2202 1288; x_wconf 91' lang='lat' dir='ltr'><strong>cuius</strong></span> <span class='ocrx_word' id='word_1_62' title='bbox 2289 1206 2568 1289; x_wconf 79' lang='lat' dir='ltr'><strong>doctis-</strong></span> 
     </span>
     <span class='ocr_line' id='line_1_10' title="bbox 354 1333 2574 1439; baseline -0.004 -22"><span class='ocrx_word' id='word_1_63' title='bbox 354 1337 579 1417; x_wconf 79' lang='lat' dir='ltr'><strong>simae</strong></span> <span class='ocrx_word' id='word_1_64' title='bbox 630 1335 1256 1433; x_wconf 76' lang='lat' dir='ltr'><strong>commentationes</strong></span> <span class='ocrx_word' id='word_1_65' title='bbox 1320 1336 1414 1413; x_wconf 92' lang='lat' dir='ltr'><strong>de</strong></span> <span class='ocrx_word' id='word_1_66' title='bbox 1466 1337 1783 1439; x_wconf 88' lang='lat' dir='ltr'><strong>reliquiis</strong></span> <span class='ocrx_word' id='word_1_67' title='bbox 1851 1334 2264 1415; x_wconf 74' lang='lat' dir='ltr'><strong>comoediae</strong></span> <span class='ocrx_word' id='word_1_68' title='bbox 2313 1333 2574 1421; x_wconf 80' lang='lat' dir='ltr'><strong>atticae</strong></span> 
     </span>
     <span class='ocr_line' id='line_1_11' title="bbox 353 1460 2687 1565; baseline -0.003 -26"><span class='ocrx_word' id='word_1_69' title='bbox 353 1462 685 1561; x_wconf 67' lang='lat' dir='ltr'><strong>antiquae</strong></span> <span class='ocrx_word' id='word_1_70' title='bbox 717 1515 738 1557; x_wconf 89' lang='lat'>,</span> <span class='ocrx_word' id='word_1_71' title='bbox 805 1487 1215 1560; x_wconf 87' lang='lat' dir='ltr'><strong>quamquam</strong></span> <span class='ocrx_word' id='word_1_72' title='bbox 1280 1463 1466 1539; x_wconf 87' lang='lat' dir='ltr'><strong>haud</strong></span> <span class='ocrx_word' id='word_1_73' title='bbox 1541 1488 1774 1565; x_wconf 81' lang='lat' dir='ltr'><strong>pauca</strong></span> <span class='ocrx_word' id='word_1_74' title='bbox 1835 1463 2099 1541; x_wconf 84' lang='lat' dir='ltr'><strong>habent</strong></span> <span class='ocrx_word' id='word_1_75' title='bbox 2163 1462 2236 1537; x_wconf 90' lang='lat' dir='ltr'><strong>in</strong></span> <span class='ocrx_word' id='word_1_76' title='bbox 2317 1460 2574 1562; x_wconf 83' lang='lat' dir='ltr'><strong>quibus</strong></span> <span class='ocrx_word' id='word_1_77' title='bbox 2686 1528 2687 1531; x_wconf 74' lang='grc'>,</span> 
     </span>
     <span class='ocr_line' id='line_1_12' title="bbox 352 1587 2576 1689; baseline -0 -27"><span class='ocrx_word' id='word_1_78' title='bbox 352 1587 521 1685; x_wconf 59' lang='lat' dir='ltr'><strong>inihi</strong></span> <span class='ocrx_word' id='word_1_79' title='bbox 566 1587 1131 1678; x_wconf 82' lang='lat' dir='ltr'><strong>dissentiendum</strong></span> <span class='ocrx_word' id='word_1_80' title='bbox 1172 1615 1352 1669; x_wconf 88' lang='lat' dir='ltr'><strong>esse</strong></span> <span class='ocrx_word' id='word_1_81' title='bbox 1391 1592 1606 1669; x_wconf 81' lang='lat' dir='ltr'><strong>video</strong></span> <span class='ocrx_word' id='word_1_82' title='bbox 1657 1618 1704 1667; x_wconf 87' lang='lat' dir='ltr'><strong>a</strong></span> <span class='ocrx_word' id='word_1_83' title='bbox 1752 1590 1909 1667; x_wconf 85' lang='lat' dir='ltr'><strong>viro</strong></span> <span class='ocrx_word' id='word_1_84' title='bbox 1961 1588 2360 1683; x_wconf 85' lang='lat' dir='ltr'><strong>carissimo,</strong></span> <span class='ocrx_word' id='word_1_85' title='bbox 2407 1587 2576 1689; x_wconf 86' lang='lat' dir='ltr'><strong>plu-</strong></span> 
     </span>
     <span class='ocr_line' id='line_1_13' title="bbox 352 1714 2687 1818; baseline -0.002 -22"><span class='ocrx_word' id='word_1_86' title='bbox 352 1714 581 1815; x_wconf 80' lang='lat' dir='ltr'><strong>rimas</strong></span> <span class='ocrx_word' id='word_1_87' title='bbox 632 1721 869 1793; x_wconf 86' lang='lat' dir='ltr'><strong>tamen</strong></span> <span class='ocrx_word' id='word_1_88' title='bbox 919 1717 1468 1809; x_wconf 78' lang='lat' dir='ltr'><strong>observationes</strong></span> <span class='ocrx_word' id='word_1_89' title='bbox 1521 1717 1887 1795; x_wconf 85' lang='lat' dir='ltr'><strong>continent</strong></span> <span class='ocrx_word' id='word_1_90' title='bbox 1935 1714 2030 1793; x_wconf 88' lang='lat' dir='ltr'><strong>ad</strong></span> <span class='ocrx_word' id='word_1_91' title='bbox 2077 1714 2578 1818; x_wconf 78' lang='lat' dir='ltr'><strong>explicandam</strong></span> <span class='ocrx_word' id='word_1_92' title='bbox 2686 1724 2687 1779; x_wconf 73' lang='lat' dir='ltr'><strong>l</strong></span> 
     </span>
     <span class='ocr_line' id='line_1_14' title="bbox 352 1840 2578 1941; baseline 0 -25"><span class='ocrx_word' id='word_1_93' title='bbox 352 1842 683 1941; x_wconf 80' lang='lat' dir='ltr'><strong>antiquae</strong></span> <span class='ocrx_word' id='word_1_94' title='bbox 754 1844 1167 1921; x_wconf 87' lang='lat' dir='ltr'><strong>comoediae</strong></span> <span class='ocrx_word' id='word_1_95' title='bbox 1216 1846 1562 1921; x_wconf 87' lang='lat' dir='ltr'><strong>rationem</strong></span> <span class='ocrx_word' id='word_1_96' title='bbox 1621 1843 2067 1920; x_wconf 83' lang='lat' dir='ltr'><strong>utilissimas.</strong></span> <span class='ocrx_word' id='word_1_97' title='bbox 2169 1842 2331 1939; x_wconf 84' lang='lat' dir='ltr'><strong>Quo</strong></span> <span class='ocrx_word' id='word_1_98' title='bbox 2391 1840 2578 1917; x_wconf 88' lang='lat' dir='ltr'><strong>libro</strong></span> 
     </span>
     <span class='ocr_line' id='line_1_15' title="bbox 352 1965 2578 2074; baseline -0.004 -25"><span class='ocrx_word' id='word_1_99' title='bbox 352 1967 423 2049; x_wconf 76' lang='lat' dir='ltr'><strong>si</strong></span> <span class='ocrx_word' id='word_1_100' title='bbox 483 1970 591 2055; x_wconf 65' lang='lat' dir='ltr'><strong>uti,</strong></span> <span class='ocrx_word' id='word_1_101' title='bbox 647 1969 813 2043; x_wconf 88' lang='lat' dir='ltr'><strong>mihi</strong></span> <span class='ocrx_word' id='word_1_102' title='bbox 863 1969 1193 2047; x_wconf 82' lang='lat' dir='ltr'><strong>licuisset</strong></span> <span class='ocrx_word' id='word_1_103' title='bbox 1253 1971 1328 2045; x_wconf 90' lang='lat' dir='ltr'><strong>in</strong></span> <span class='ocrx_word' id='word_1_104' title='bbox 1377 1972 1471 2049; x_wconf 89' lang='lat' dir='ltr'><strong>iis</strong></span> <span class='ocrx_word' id='word_1_105' title='bbox 1520 1970 1969 2074; x_wconf 89' lang='lat' dir='ltr'><strong>praesertim,</strong></span> <span class='ocrx_word' id='word_1_106' title='bbox 2020 1992 2206 2069; x_wconf 87' lang='lat' dir='ltr'><strong>qnae</strong></span> <span class='ocrx_word' id='word_1_107' title='bbox 2270 1965 2369 2041; x_wconf 91' lang='lat' dir='ltr'><strong>de</strong></span> <span class='ocrx_word' id='word_1_108' title='bbox 2433 1991 2578 2041; x_wconf 90' lang='lat' dir='ltr'><strong>an-</strong></span> 
     </span>
     <span class='ocr_line' id='line_1_16' title="bbox 352 2092 2580 2199; baseline -0.004 -22"><span class='ocrx_word' id='word_1_109' title='bbox 352 2094 595 2193; x_wconf 74' lang='lat' dir='ltr'><strong>tiquae</strong></span> <span class='ocrx_word' id='word_1_110' title='bbox 660 2096 1072 2185; x_wconf 80' lang='lat' dir='ltr'><strong>comoediae</strong></span> <span class='ocrx_word' id='word_1_111' title='bbox 1118 2094 1357 2199; x_wconf 87' lang='lat' dir='ltr'><strong>poetis</strong></span> <span class='ocrx_word' id='word_1_112' title='bbox 1419 2105 1934 2176; x_wconf 84' lang='lat' dir='ltr'><strong>commentatus</strong></span> <span class='ocrx_word' id='word_1_113' title='bbox 1999 2120 2188 2191; x_wconf 88' lang='lat' dir='ltr'><strong>sum,</strong></span> <span class='ocrx_word' id='word_1_114' title='bbox 2252 2092 2580 2194; x_wconf 84' lang='lat' dir='ltr'><strong>pluribus</strong></span> 
     </span>
     <span class='ocr_line' id='line_1_17' title="bbox 357 2212 2579 2317; baseline 0.004 -28"><span class='ocrx_word' id='word_1_115' title='bbox 357 2212 451 2307; x_wconf 86' lang='lat' dir='ltr'><strong>de</strong></span> <span class='ocrx_word' id='word_1_116' title='bbox 509 2214 723 2293; x_wconf 88' lang='lat' dir='ltr'><strong>rebus</strong></span> <span class='ocrx_word' id='word_1_117' title='bbox 775 2224 853 2291; x_wconf 91' lang='lat' dir='ltr'><strong>et</strong></span> <span class='ocrx_word' id='word_1_118' title='bbox 902 2215 1267 2317; x_wconf 85' lang='lat' dir='ltr'><strong>copiosius</strong></span> <span class='ocrx_word' id='word_1_119' title='bbox 1314 2224 1390 2294; x_wconf 92' lang='lat' dir='ltr'><strong>et</strong></span> <span class='ocrx_word' id='word_1_120' title='bbox 1421 2241 1599 2294; x_wconf 85' lang='lat' dir='ltr'><strong>vero</strong></span> <span class='ocrx_word' id='word_1_121' title='bbox 1649 2216 1863 2294; x_wconf 88' lang='lat' dir='ltr'><strong>etiam</strong></span> <span class='ocrx_word' id='word_1_122' title='bbox 1895 2215 2251 2315; x_wconf 86' lang='lat' dir='ltr'><strong>aliquanto</strong></span> <span class='ocrx_word' id='word_1_123' title='bbox 2302 2220 2579 2299; x_wconf 86' lang='lat' dir='ltr'><strong>rectius</strong></span> 
     </span>
     <span class='ocr_line' id='line_1_18' title="bbox 357 2338 2689 2448; baseline 0.004 -33"><span class='ocrx_word' id='word_1_124' title='bbox 357 2338 727 2419; x_wconf 83' lang='lat' dir='ltr'><strong>disserere</strong></span> <span class='ocrx_word' id='word_1_125' title='bbox 778 2340 1128 2420; x_wconf 84' lang='lat' dir='ltr'><strong>licuisset.</strong></span> <span class='ocrx_word' id='word_1_126' title='bbox 1199 2344 1422 2422; x_wconf 92' lang='lat' dir='ltr'><strong>Nunc</strong></span> <span class='ocrx_word' id='word_1_127' title='bbox 1470 2345 1594 2421; x_wconf 87' lang='lat' dir='ltr'><strong>ille</strong></span> <span class='ocrx_word' id='word_1_128' title='bbox 1646 2368 1734 2422; x_wconf 92' lang='lat' dir='ltr'><strong>eo</strong></span> <span class='ocrx_word' id='word_1_129' title='bbox 1787 2342 2062 2420; x_wconf 88' lang='lat' dir='ltr'><strong>demum</strong></span> <span class='ocrx_word' id='word_1_130' title='bbox 2113 2354 2428 2448; x_wconf 83' lang='lat' dir='ltr'><strong>tempore</strong></span> <span class='ocrx_word' id='word_1_131' title='bbox 2477 2345 2582 2424; x_wconf 85' lang='lat' dir='ltr'><strong>ad</strong></span> <span class='ocrx_word' id='word_1_132' title='bbox 2688 2434 2689 2438; x_wconf 6' lang='lat' dir='ltr'>x</span> 
     </span>
     <span class='ocr_line' id='line_1_19' title="bbox 350 2468 2582 2573; baseline 0.003 -27"><span class='ocrx_word' id='word_1_133' title='bbox 350 2490 466 2546; x_wconf 81' lang='lat' dir='ltr'><strong>me</strong></span> <span class='ocrx_word' id='word_1_134' title='bbox 493 2468 815 2568; x_wconf 81' lang='lat' dir='ltr'><strong>perlatus</strong></span> <span class='ocrx_word' id='word_1_135' title='bbox 846 2479 987 2568; x_wconf 78' lang='lat' dir='ltr'><strong>est,</strong></span> <span class='ocrx_word' id='word_1_136' title='bbox 1036 2496 1175 2570; x_wconf 85' lang='lat' dir='ltr'><strong>quo</strong></span> <span class='ocrx_word' id='word_1_137' title='bbox 1202 2472 1491 2572; x_wconf 88' lang='lat' dir='ltr'><strong>primam</strong></span> <span class='ocrx_word' id='word_1_138' title='bbox 1525 2472 1950 2572; x_wconf 89' lang='lat' dir='ltr'><strong>scriptorum</strong></span> <span class='ocrx_word' id='word_1_139' title='bbox 1983 2480 2253 2573; x_wconf 88' lang='lat' dir='ltr'><strong>partem</strong></span> <span class='ocrx_word' id='word_1_140' title='bbox 2283 2473 2582 2554; x_wconf 81' lang='lat' dir='ltr'><strong>librario</strong></span> 
     </span>
     <span class='ocr_line' id='line_1_20' title="bbox 354 2595 2584 2698; baseline 0.005 -30"><span class='ocrx_word' id='word_1_141' title='bbox 354 2595 553 2696; x_wconf 83' lang='lat' dir='ltr'><strong>typis</strong></span> <span class='ocrx_word' id='word_1_142' title='bbox 601 2595 1128 2698; x_wconf 86' lang='lat' dir='ltr'><strong>imprimendam</strong></span> <span class='ocrx_word' id='word_1_143' title='bbox 1178 2599 1312 2675; x_wconf 90' lang='lat' dir='ltr'><strong>iam</strong></span> <span class='ocrx_word' id='word_1_144' title='bbox 1357 2597 1812 2674; x_wconf 86' lang='lat' dir='ltr'><strong>tradideram.</strong></span> <span class='ocrx_word' id='word_1_145' title='bbox 1883 2599 2290 2677; x_wconf 83' lang='lat' dir='ltr'><strong>Versantur</strong></span> <span class='ocrx_word' id='word_1_146' title='bbox 2337 2610 2584 2680; x_wconf 78' lang='lat' dir='ltr'><strong>antem</strong></span> 
     </span>
     <span class='ocr_line' id='line_1_21' title="bbox 352 2723 2584 2846; baseline 0.003 -42"><span class='ocrx_word' id='word_1_147' title='bbox 352 2723 659 2821; x_wconf 85' lang='lat' dir='ltr'><strong>Bergkii</strong></span> <span class='ocrx_word' id='word_1_148' title='bbox 701 2726 1336 2833; x_wconf 65' lang='lat' dir='ltr'><strong>commentationes</strong></span> <span class='ocrx_word' id='word_1_149' title='bbox 1354 2723 1679 2845; x_wconf 82' lang='lat' dir='ltr'><strong>maxime</strong></span> <span class='ocrx_word' id='word_1_150' title='bbox 1695 2723 1764 2798; x_wconf 90' lang='lat' dir='ltr'><strong>in</strong></span> <span class='ocrx_word' id='word_1_151' title='bbox 1775 2727 2250 2846; x_wconf 82' lang='lat' dir='ltr'><strong>explicandis</strong></span> <span class='ocrx_word' id='word_1_152' title='bbox 2285 2725 2584 2810; x_wconf 82' lang='lat' dir='ltr'><strong>Cratini</strong></span> 
     </span>
     <span class='ocr_line' id='line_1_22' title="bbox 356 2838 2588 2959; baseline 0.004 -33"><span class='ocrx_word' id='word_1_153' title='bbox 356 2849 779 2950; x_wconf 72' lang='lat' dir='ltr'><strong>comoediis,</strong></span> <span class='ocrx_word' id='word_1_154' title='bbox 814 2863 1043 2955; x_wconf 68' lang='lat' dir='ltr'><strong>quae·</strong></span> <span class='ocrx_word' id='word_1_155' title='bbox 1016 2847 1180 2948; x_wconf 52' lang='lat' dir='ltr'><strong>&#39;ntes</strong></span> <span class='ocrx_word' id='word_1_156' title='bbox 1191 2838 1452 2959; x_wconf 62' lang='lat' dir='ltr'><strong>:tiuhai</strong></span> <span class='ocrx_word' id='word_1_157' title='bbox 1446 2850 1679 2937; x_wconf 74' lang='lat' dir='ltr'><strong>.·&#39;arite3</strong></span> <span class='ocrx_word' id='word_1_158' title='bbox 1660 2842 1826 2952; x_wconf 91' lang='grc' dir='ltr'><strong>·ΒΨ</strong></span> <span class='ocrx_word' id='word_1_159' title='bbox 1858 2851 2042 2928; x_wconf 89' lang='lat' dir='ltr'><strong>duos</strong></span> <span class='ocrx_word' id='word_1_160' title='bbox 2071 2856 2294 2934; x_wconf 84' lang='lat' dir='ltr'><strong>ferme</strong></span> <span class='ocrx_word' id='word_1_161' title='bbox 2319 2881 2588 2954; x_wconf 74' lang='grc' dir='ltr'>ειιιιιοει,</span> 
     </span>
     <span class='ocr_line' id='line_1_23' title="bbox 353 2978 2588 3106; baseline 0.004 -52"><span class='ocrx_word' id='word_1_162' title='bbox 353 3001 495 3082; x_wconf 78' lang='lat' dir='ltr'><strong>quo</strong></span> <span class='ocrx_word' id='word_1_163' title='bbox 548 2989 865 3080; x_wconf 88' lang='lat' dir='ltr'><strong>tempore</strong></span> <span class='ocrx_word' id='word_1_164' title='bbox 916 3003 1058 3080; x_wconf 83' lang='lat' dir='ltr'><strong>ego</strong></span> <span class='ocrx_word' id='word_1_165' title='bbox 1092 2978 1588 3106; x_wconf 72' lang='lat' dir='ltr'><strong>qqaestrooes·</strong></span> <span class='ocrx_word' id='word_1_166' title='bbox 1596 3002 1802 3062; x_wconf 80' lang='lat' dir='ltr'><strong>meas</strong></span> <span class='ocrx_word' id='word_1_167' title='bbox 1854 2986 2244 3059; x_wconf 87' lang='lat' dir='ltr'><strong>retractare</strong></span> <span class='ocrx_word' id='word_1_168' title='bbox 2297 3007 2588 3088; x_wconf 85' lang='lat' dir='ltr'><strong>coepe-</strong></span> 
     </span>
     <span class='ocr_line' id='line_1_24' title="bbox 355 3072 2592 3230; baseline 0.004 -50"><span class='ocrx_word' id='word_1_169' title='bbox 355 3127 544 3198; x_wconf 66' lang='lat' dir='ltr'><strong>tam,</strong></span> <span class='ocrx_word' id='word_1_170' title='bbox 608 3105 699 3182; x_wconf 77' lang='lat' dir='ltr'><strong>ab</strong></span> <span class='ocrx_word' id='word_1_171' title='bbox 764 3104 926 3208; x_wconf 83' lang='lat' dir='ltr'><strong>ipso</strong></span> <span class='ocrx_word' id='word_1_172' title='bbox 989 3103 1175 3212; x_wconf 74' lang='lat' dir='ltr'><strong>mihi</strong></span> <span class='ocrx_word' id='word_1_173' title='bbox 1186 3093 1385 3230; x_wconf 43' lang='lat' dir='ltr'>jug?-</span> <span class='ocrx_word' id='word_1_174' title='bbox 1352 3072 1692 3218; x_wconf 51' lang='lat' dir='ltr'><strong>liftefra&#39;s</strong></span> <span class='ocrx_word' id='word_1_175' title='bbox 1730 3104 2138 3204; x_wconf 83' lang='lat' dir='ltr'><strong>significata</strong></span> <span class='ocrx_word' id='word_1_176' title='bbox 2186 3119 2432 3206; x_wconf 82' lang='lat' dir='ltr'><strong>esset,</strong></span> <span class='ocrx_word' id='word_1_177' title='bbox 2501 3111 2592 3188; x_wconf 81' lang='lat' dir='ltr'><strong>iu</strong></span> 
     </span>
     <span class='ocr_line' id='line_1_25' title="bbox 356 3194 2593 3339; baseline 0.003 -31"><span class='ocrx_word' id='word_1_178' title='bbox 356 3255 516 3324; x_wconf 85' lang='lat' dir='ltr'><strong>mea</strong></span> <span class='ocrx_word' id='word_1_179' title='bbox 562 3232 654 3309; x_wconf 92' lang='lat' dir='ltr'><strong>de</strong></span> <span class='ocrx_word' id='word_1_180' title='bbox 701 3232 825 3309; x_wconf 89' lang='lat' dir='ltr'><strong>illo</strong></span> <span class='ocrx_word' id='word_1_181' title='bbox 878 3234 1091 3335; x_wconf 69' lang='grc' dir='ltr'><strong>Ροθεὶί</strong></span> <span class='ocrx_word' id='word_1_182' title='bbox 1121 3194 1692 3339; x_wconf 58' lang='lat' dir='ltr'><strong>dispuimai&#39;ooe,</strong></span> <span class='ocrx_word' id='word_1_183' title='bbox 1726 3233 2074 3331; x_wconf 90' lang='lat' dir='ltr'><strong>qualem</strong></span> <span class='ocrx_word' id='word_1_184' title='bbox 2053 3261 2122 3310; x_wconf 89' lang='grc' dir='ltr'><strong>ιιι</strong></span> <span class='ocrx_word' id='word_1_185' title='bbox 2181 3236 2593 3330; x_wconf 79' lang='lat' dir='ltr'><strong>Quaestio-</strong></span> 
     </span>
     <span class='ocr_line' id='line_1_26' title="bbox 357 3359 2592 3466; baseline 0.004 -28"><span class='ocrx_word' id='word_1_186' title='bbox 357 3383 559 3438; x_wconf 78' lang='lat' dir='ltr'><strong>num</strong></span> <span class='ocrx_word' id='word_1_187' title='bbox 576 3385 780 3437; x_wconf 85' lang='lat' dir='ltr'><strong>scen.</strong></span> <span class='ocrx_word' id='word_1_188' title='bbox 830 3384 1032 3461; x_wconf 88' lang='lat' dir='ltr'><strong>spec</strong></span> <span class='ocrx_word' id='word_1_189' title='bbox 1086 3359 1122 3434; x_wconf 84' lang='lat'>1</span> <span class='ocrx_word' id='word_1_190' title='bbox 1170 3359 1506 3458; x_wconf 82' lang='lat' dir='ltr'><strong>exhibui,</strong></span> <span class='ocrx_word' id='word_1_191' title='bbox 1569 3369 1858 3463; x_wconf 86' lang='lat' dir='ltr'><strong>praeter</strong></span> <span class='ocrx_word' id='word_1_192' title='bbox 1921 3360 2294 3443; x_wconf 81' lang='lat' dir='ltr'><strong>minutiora</strong></span> <span class='ocrx_word' id='word_1_193' title='bbox 2341 3391 2592 3466; x_wconf 82' lang='lat' dir='ltr'><strong>quae-</strong></span> 
     </span>
     <span class='ocr_line' id='line_1_27' title="bbox 360 3485 1596 3574; baseline 0 -12"><span class='ocrx_word' id='word_1_194' title='bbox 360 3485 525 3574; x_wconf 84' lang='lat' dir='ltr'><strong>dam</strong></span> <span class='ocrx_word' id='word_1_195' title='bbox 575 3487 745 3562; x_wconf 90' lang='lat' dir='ltr'><strong>nihil</strong></span> <span class='ocrx_word' id='word_1_196' title='bbox 798 3495 1069 3563; x_wconf 87' lang='lat' dir='ltr'><strong>mutare</strong></span> <span class='ocrx_word' id='word_1_197' title='bbox 1119 3487 1348 3562; x_wconf 85' lang='lat' dir='ltr'><strong>satius</strong></span> <span class='ocrx_word' id='word_1_198' title='bbox 1401 3485 1596 3562; x_wconf 87' lang='lat' dir='ltr'><strong>duxi.</strong></span> 
     </span>
    </p>

    <p class='ocr_par' dir='ltr' id='par_1_3' title="bbox 353 3610 2610 4102">
     <span class='ocr_line' id='line_1_28' title="bbox 559 3610 2603 3714; baseline 0.004 -24"><span class='ocrx_word' id='word_1_199' title='bbox 559 3610 898 3690; x_wconf 84' lang='lat' dir='ltr'><strong>Ceterum</strong></span> <span class='ocrx_word' id='word_1_200' title='bbox 978 3610 1163 3712; x_wconf 89' lang='lat' dir='ltr'><strong>quod</strong></span> <span class='ocrx_word' id='word_1_201' title='bbox 1258 3613 1621 3714; x_wconf 85' lang='lat' dir='ltr'><strong>plerisque</strong></span> <span class='ocrx_word' id='word_1_202' title='bbox 1702 3615 2160 3692; x_wconf 84' lang='lat' dir='ltr'><strong>scribentium</strong></span> <span class='ocrx_word' id='word_1_203' title='bbox 2239 3618 2603 3698; x_wconf 82' lang='lat' dir='ltr'><strong>accidere</strong></span> 
     </span>
     <span class='ocr_line' id='line_1_29' title="bbox 356 3736 2605 3849; baseline 0.004 -35"><span class='ocrx_word' id='word_1_204' title='bbox 356 3738 576 3837; x_wconf 70' lang='lat' dir='ltr'><strong>uolet,</strong></span> <span class='ocrx_word' id='word_1_205' title='bbox 627 3749 728 3836; x_wconf 85' lang='lat' dir='ltr'><strong>nt,</strong></span> <span class='ocrx_word' id='word_1_206' title='bbox 776 3764 989 3841; x_wconf 85' lang='lat' dir='ltr'><strong>quum</strong></span> <span class='ocrx_word' id='word_1_207' title='bbox 1040 3736 1133 3812; x_wconf 88' lang='lat' dir='ltr'><strong>ad</strong></span> <span class='ocrx_word' id='word_1_208' title='bbox 1178 3747 1576 3826; x_wconf 85' lang='lat' dir='ltr'><strong>extremam</strong></span> <span class='ocrx_word' id='word_1_209' title='bbox 1625 3768 1900 3818; x_wconf 66' lang='lat' dir='ltr'><strong>uranum</strong></span> <span class='ocrx_word' id='word_1_210' title='bbox 1945 3756 2366 3849; x_wconf 72' lang='lat' dir='ltr'><strong>perventum</strong></span> <span class='ocrx_word' id='word_1_211' title='bbox 2411 3746 2605 3823; x_wconf 82' lang='lat' dir='ltr'><strong>fue-</strong></span> 
     </span>
     <span class='ocr_line' id='line_1_30' title="bbox 355 3867 2610 3976; baseline 0.004 -34"><span class='ocrx_word' id='word_1_212' title='bbox 355 3867 486 3964; x_wconf 80' lang='lat' dir='ltr'><strong>rit,</strong></span> <span class='ocrx_word' id='word_1_213' title='bbox 552 3891 800 3944; x_wconf 89' lang='lat' dir='ltr'><strong>eorum</strong></span> <span class='ocrx_word' id='word_1_214' title='bbox 851 3889 1036 3968; x_wconf 87' lang='lat' dir='ltr'><strong>quae</strong></span> <span class='ocrx_word' id='word_1_215' title='bbox 1104 3867 1555 3969; x_wconf 77' lang='lat' dir='ltr'><strong>scripserunt</strong></span> <span class='ocrx_word' id='word_1_216' title='bbox 1620 3867 1776 3946; x_wconf 81' lang='lat' dir='ltr'><strong>fere</strong></span> <span class='ocrx_word' id='word_1_217' title='bbox 1841 3895 1974 3948; x_wconf 89' lang='lat' dir='ltr'><strong>eos</strong></span> <span class='ocrx_word' id='word_1_218' title='bbox 2038 3871 2452 3976; x_wconf 68' lang='lat' dir='ltr'><strong>poeniteat,</strong></span> <span class='ocrx_word' id='word_1_219' title='bbox 2509 3873 2610 3952; x_wconf 77' lang='lat' dir='ltr'><strong>id</strong></span> 
     </span>
     <span class='ocr_line' id='line_1_31' title="bbox 353 3993 2608 4102; baseline 0.004 -36"><span class='ocrx_word' id='word_1_220' title='bbox 353 3993 518 4068; x_wconf 85' lang='lat' dir='ltr'><strong>mihi</strong></span> <span class='ocrx_word' id='word_1_221' title='bbox 572 3993 759 4072; x_wconf 83' lang='lat' dir='ltr'><strong>adeo</strong></span> <span class='ocrx_word' id='word_1_222' title='bbox 812 4019 1042 4096; x_wconf 85' lang='lat' dir='ltr'><strong>usque</strong></span> <span class='ocrx_word' id='word_1_223' title='bbox 1094 3993 1459 4078; x_wconf 86' lang='lat' dir='ltr'><strong>accidisse</strong></span> <span class='ocrx_word' id='word_1_224' title='bbox 1511 3996 1770 4093; x_wconf 80' lang='lat' dir='ltr'><strong>fateor,</strong></span> <span class='ocrx_word' id='word_1_225' title='bbox 1821 4006 1924 4094; x_wconf 79' lang='lat' dir='ltr'><strong>nt,</strong></span> <span class='ocrx_word' id='word_1_226' title='bbox 1973 3999 2041 4077; x_wconf 80' lang='lat' dir='ltr'><strong>ai</strong></span> <span class='ocrx_word' id='word_1_227' title='bbox 2090 4000 2608 4102; x_wconf 74' lang='lat' dir='ltr'><strong>fier-iposset,</strong></span> 
     </span>
    </p>
   </div>
  </div>
 </body>
</html>
