2717 4800
453 219 578 280 18⁰
1424 229 1643 278 nmo.
1692 222 1704 234 '

453 401 718 449 versum
750 405 787 446 a
833 383 1092 446 Polluce
1138 380 1200 446 11
1245 383 1370 447 175
1430 403 1554 449 non
1613 369 1824 448 addito
1880 383 2137 447 fabulae
2176 383 2407 446 indicis
2444 388 2641 446 serva-

455 511 587 566 tum
631 509 952 585 posuerat,
2423 506 2432 515 ”

779 613 1062 684 ’Ἔπειτα
1109 613 1413 694 ὃόὐδείς
1446 615 1575 682 ἐστ’
1624 613 1793 704 ἀνὴρ
1837 613 2349 704 γαστρίστερὸς.’

455 741 828 803 Primarium
883 743 1074 822 igitur
1119 741 1476 803 Platonicae
1528 741 1783 802 fabulae
1828 745 2261 821 argumentum
2302 737 2379 800 ab
2424 735 2649 801 Achar—

456 863 636 924 nen-i
681 859 982 922 Pisandro
1039 861 1290 920 ductum
1348 858 1505 934 fuit,
1568 860 1937 940 videturque
2001 857 2110 918 ille
2165 859 2431 920 alterum
2487 861 2651 920 illum

457 1001 583 1042 non
649 980 768 1041 nisi
823 977 1282 1059 praetereundo
1343 977 1643 1057 tetigisse.
1744 981 1872 1040 Sed
1914 977 2361 1058 Antiphontem
2418 997 2654 1056 quoque

453 1098 913 1164 Rhamnusium
979 1117 1016 1157 a
1090 1095 1351 1157 Platone
1419 1097 1774 1176 sugillatum
1845 1115 1987 1158 esse
2054 1096 2239 1158 docet
2292 1093 2656 1157 Plutarchus

457 1193 738 1297 Antiphz'
760 1237 819 1296 p.
863 1215 991 1276 833
1015 1232 1050 1275 c
1091 1207 1557 1298 κεκωμῴδηται
1600 1210 1667 1274 δὲ
1692 1213 2075 1296 (Antiphon)
2118 1211 2182 1288 ἐς
2226 1207 2658 1296 φιλαργυρίαν

458 1327 589 1395 ὑπὸ
631 1326 995 1404 Πλάτωνος
1036 1327 1107 1392 ἓν
1149 1323 1577 1417 Πεισάνδρῳ,
1634 1340 1708 1395 ut
1761 1353 1877 1413 pro
1923 1327 2049 1394 σὺν
2090 1325 2485 1416 Πεισάνδρῳ
2534 1353 2661 1394 cor-

458 1458 756 1517 rexerunt:
798 1452 1114 1513 Meursius
1157 1451 1320 1513 Bibl.
1367 1453 1494 1513 Att.
1540 1473 1602 1532 p.
1650 1453 1840 1530 1599,
1886 1455 2289 1516 casaubonus
2328 1453 2412 1514 ad
2436 1451 2661 1514 Athen.

460 1595 522 1654 p.
570 1569 754 1632 385d
797 1577 861 1631 et
903 1569 1319 1632 Ruhnkenius
1364 1570 1443 1630 de
1483 1571 1737 1651 Antiph.
1782 1592 1845 1652 p.
1868 1573 2014 1635 231.
2101 1574 2307 1652 Atque
2348 1571 2546 1632 habet
2584 1570 2663 1628 ita

460 1689 724 1754 Photius
769 1690 927 1752 Bibl.
976 1690 1111 1750 cod.
1157 1689 1305 1751 259.
1392 1689 1616 1769 Neque
1660 1690 1847 1751 alium
1895 1691 2197 1752 comicum
2238 1697 2482 1770 spectat
2523 1689 2667 1751 Phi-

459 1791 755 1874 lostratus
807 1809 885 1874 V.
932 1809 1125 1888 Soph.
1175 1807 1202 1868 Ι
1257 1827 1320 1887 p.
1378 1807 1528 1884 499,
1586 1809 1760 1870 cuius
1816 1811 2004 1870 verba
2060 1809 2389 1888 adscripsit
2445 1807 2671 1868 Ruhn-

459 1931 700 1993 kenius.
798 1929 853 1988 E
911 1929 1137 1988 ceteris
1191 1925 1587 2007 fragmentis,
1646 1947 1805 2007 quae
1858 1931 2009 1990 satis
2064 1929 2256 1989 multa
2310 1931 2668 2008 supersunt,

460 2048 614 2112 nihil
658 2045 738 2107 ad
781 2047 1129 2126 argumenti
1169 2045 1476 2107 rationem
1534 2048 1879 2109 accuratius
1924 2047 2421 2129 perspiciendam
2466 2043 2671 2104 effici-

461 2174 583 2228 tur.
684 2164 1016 2244 Temporis
1076 2164 1210 2242 quo'
1245 2171 1381 2224 acta
1426 2171 1521 2226 est
1566 2165 1778 2228 fabula
1818 2185 2010 2228 unum
2056 2167 2373 2228 dumtaxat
2410 2163 2535 2224 sed
2580 2181 2669 2222 sa-

460 2287 540 2346 tis
586 2290 846 2358 certum,
890 2287 961 2342 ut
1005 2283 1153 2342 mihi
1197 2285 1448 2362 quidem
1490 2286 1770 2361 videtur,
1828 2271 2427 2364 indicium‘praebe‘t
2472 2283 2672 2343 Scho-

460 2381 641 2467 liasta
664 2400 1092 2482 Aristophanis
1141 2402 1329 2483 Vesp.
1374 2404 1522 2480 590,
1566 2406 1673 2465 ubi
1718 2406 2090 2479 Euathlum,
2132 2404 2356 2465 famosi
2400 2402 2679 2463 nominis

315 2523 342 2548 ‘
464 2500 897 2605 demagogum,
940 2522 1002 2581 in
1031 2521 1329 2582 Pisandro
1378 2532 1929 2607 commemoratum
1968 2522 2165 2583 fuisse
2207 2520 2500 2601 legimus.
2552 2517 2677 2580 Iam

463 2662 652 2722 quum
707 2641 876 2701 idem
933 2640 1042 2700 ille
1085 2638 1395 2701 Euathlus
1450 2661 1485 2700 a
1530 2643 1784 2703 Cratino
1840 2644 1904 2703 in
1950 2642 2229 2703 Thrattis
2284 2645 2349 2699 et
2408 2640 2493 2699 ab
2541 2638 2681 2700 Ari-

462 2736 768 2842 stopliane
823 2761 887 2821 in
939 2748 1262 2839 Vespis‘l.
1319 2759 1360 2820 1.
1418 2760 1803 2822 Holcadibus
1862 2741 2085 2841 fragm.
2150 2760 2239 2821 lx
2296 2778 2361 2837 p.
2420 2757 2557 2817 161
2624 2760 2686 2817 et

460 2879 964 2942 Acharnensibus
995 2879 1130 2969 710Ι
1159 2887 1679 2941 commemoratus
1724 2881 1821 2955 sit,
1868 2900 2125 2959 quarum
2168 2878 2537 2941 fabularum
2582 2896 2684 2937 re-

463 2996 912 3069 centissimam,
963 2974 1203 3073 Vespas
1265 2996 1459 3073 dico,-
1498 2999 1745 3079 Olymp.
1789 2998 2113 3064 LXXXIX
2173 3000 2213 3059 2
2272 3002 2480 3068 actam
2544 3016 2690 3058 esse

463 3110 724 3191 constat,
767 3111 936 3173 haud
977 3112 1190 3192 inepte
1214 3114 1585 3179 Pisandrum
1627 3120 1851 3181 iisdem
1894 3119 2099 3180 ferme
2140 3118 2571 3196 temporibus,
2618 3134 2691 3177 ac

460 3220 730 3294 fo'rtasse
776 3230 1055 3293 eiusdem
1101 3208 1488 3315 Olympiadis
1532 3254 1711 3299 anno·
1738 3238 1961 3313 tertio,
2020 3256 2141 3319 quo
2184 3254 2415 3296 novum
2465 3243 2693 3295 extre-

460 3373 600 3416 mae
642 3349 984 3413 timiditatis
1029 3352 1379 3431 exemplum
1424 3358 1785 3435 praebuisse
1812 3356 2133 3421 hominem
2175 3373 2363 3433 supra
2406 3354 2694 3435 ,demon-

463 3472 822 3546 stravimus‚
884 3469 949 3531 in
994 3490 1242 3530 scenam
1286 3464 1595 3551 prodiisse
1639 3477 1948 3537 coniicias.
2028 3474 2242 3553 ·Quod
2294 3462 2470 3533 enini
2536 3474 2717 3546 olim¹

461 3588 744 3675 opinatus
798 3606 972 3662 sum,
1031 3586 1403 3658 Pisandrum
1446 3594 1711 3656 maxime
1755 3596 1911 3675 post'
1949 3582 2236 3653 eversum
2280 3598 2531 3654 statum
2581 3613 2717 3673 po-¹

459 3706 740 3786 puiarem
787 3706 1162 3768 comicorum
1207 3711 1371 3771 sales
1426 3731 1831 3792 provocasse,
1888 3730 2045 3775 cum‘
2081 3713 2230 3791 ipsc
2276 3711 2535 3775 dudum
2595 3731 2717 3772 rem

460 3823 742 3904 pudiavi,
803 3832 932 3884 tum
994 3827 1292 3889 refutavit
1333 3824 1655 3891 Hanovius
1698 3831 1923 3925 Exere.
1971 3831 2105 3891 crit.
2154 3830 2183 3890 Ι
2228 3850 2289 3909 p.
2332 3828 2441 3889 81.
2574 3831 2717 3891 θεέ

463 3946 651 4023 nique
706 3944 898 4005 verbo
955 3966 1215 4007 monere
1267 3918 1485 4025 liceat,
1546 3950 1771 4011 eodem
1823 3950 2101 4011 fabulam
2146 3948 2327 4009 titulo
2374 3949 2707 4029 scriptam

461 4064 780 4143 perhiberi
835 4064 911 4126 ab
955 4066 1373 4129 Alexandride
1430 4068 1596 4148 apud
1638 4068 1892 4131 Suidam
1950 4088 1999 4130 s.
2053 4086 2114 4129 v.
2178 4040 2708 4149 Ἀρεοπᾴγίτης
