<?xml version="1.0" encoding="UTF-8"?>
<!DOCTYPE html PUBLIC "-//W3C//DTD XHTML 1.0 Transitional//EN"
    "http://www.w3.org/TR/xhtml1/DTD/xhtml1-transitional.dtd">
<html xmlns="http://www.w3.org/1999/xhtml" xml:lang="en" lang="en">
 <head>
  <title>
</title>
<meta http-equiv="Content-Type" content="text/html;charset=utf-8" />
  <meta name='ocr-system' content='tesseract 3.04.00' />
  <meta name='ocr-capabilities' content='ocr_page ocr_carea ocr_par ocr_line ocrx_word'/>
</head>
<body>
  <div class='ocr_page' id='page_1' title='image "./fragmentacomico12meingoog_0137.png"; bbox 0 0 2717 4800; ppageno 0'>
   <div class='ocr_carea' id='block_1_1' title="bbox 1030 233 2277 297">
    <p class='ocr_par' dir='ltr' id='par_1_1' title="bbox 1030 233 2277 297">
     <span class='ocr_line' id='line_1_1' title="bbox 1030 233 2277 297; baseline 0 -1"><span class='ocrx_word' id='word_1_1' title='bbox 1030 253 1312 297; x_wconf 75' lang='lat' dir='ltr'><strong>euroms.</strong></span> <span class='ocrx_word' id='word_1_2' title='bbox 2152 233 2277 296; x_wconf 79' lang='lat'><strong>117</strong></span> 
     </span>
    </p>
   </div>
   <div class='ocr_carea' id='block_1_2' title="bbox 6 383 2373 2947">
    <p class='ocr_par' dir='ltr' id='par_1_2' title="bbox 6 383 2373 2947">
     <span class='ocr_line' id='line_1_2' title="bbox 76 383 2274 501; baseline 0.006 -48"><span class='ocrx_word' id='word_1_3' title='bbox 76 393 212 454; x_wconf 83' lang='lat' dir='ltr'><strong>diae</strong></span> <span class='ocrx_word' id='word_1_4' title='bbox 253 383 456 456; x_wconf 78' lang='lat' dir='ltr'><strong>filium</strong></span> <span class='ocrx_word' id='word_1_5' title='bbox 507 395 614 475; x_wconf 70' lang='lat'><strong>⁹¹)</strong></span> <span class='ocrx_word' id='word_1_6' title='bbox 657 383 1056 477; x_wconf 69' lang='lat' dir='ltr'><strong>perstrinxit,</strong></span> <span class='ocrx_word' id='word_1_7' title='bbox 1097 392 1689 484; x_wconf 68' lang='lat' dir='ltr'><strong>puerum&#39;corporis</strong></span> <span class='ocrx_word' id='word_1_8' title='bbox 1730 399 2059 466; x_wconf 70' lang='lat' dir='ltr'><strong>venustata</strong></span> <span class='ocrx_word' id='word_1_9' title='bbox 2088 423 2274 501; x_wconf 82' lang='lat' dir='ltr'><strong>prae·</strong></span> 
     </span>
     <span class='ocr_line' id='line_1_3' title="bbox 77 513 2273 603; baseline 0.005 -30"><span class='ocrx_word' id='word_1_10' title='bbox 77 517 362 587; x_wconf 85' lang='lat' dir='ltr'><strong>stantem,</strong></span> <span class='ocrx_word' id='word_1_11' title='bbox 403 513 690 593; x_wconf 81' lang='lat' dir='ltr'><strong>Xenoph.</strong></span> <span class='ocrx_word' id='word_1_12' title='bbox 737 515 932 578; x_wconf 80' lang='lat' dir='ltr'><strong>Conv.</strong></span> <span class='ocrx_word' id='word_1_13' title='bbox 977 517 1027 592; x_wconf 88' lang='lat'><strong>1,</strong></span> <span class='ocrx_word' id='word_1_14' title='bbox 1069 519 1112 578; x_wconf 79' lang='grc'>9</span> <span class='ocrx_word' id='word_1_15' title='bbox 1165 525 1229 580; x_wconf 86' lang='lat' dir='ltr'><strong>et</strong></span> <span class='ocrx_word' id='word_1_16' title='bbox 1270 519 1497 584; x_wconf 71' lang='lat' dir='ltr'><strong>Athen.</strong></span> <span class='ocrx_word' id='word_1_17' title='bbox 1541 523 1599 585; x_wconf 93' lang='lat' dir='ltr'><strong>V</strong></span> <span class='ocrx_word' id='word_1_18' title='bbox 1650 541 1713 603; x_wconf 86' lang='lat' dir='ltr'><strong>p.</strong></span> <span class='ocrx_word' id='word_1_19' title='bbox 1759 522 1885 582; x_wconf 81' lang='lat'><strong>188</strong></span> <span class='ocrx_word' id='word_1_20' title='bbox 1908 540 1963 584; x_wconf 82' lang='lat' dir='ltr'><strong>a.</strong></span> <span class='ocrx_word' id='word_1_21' title='bbox 1990 522 2273 596; x_wconf 74' lang='lat' dir='ltr'><strong>⁸Galliae,</strong></span> 
     </span>
     <span class='ocr_line' id='line_1_4' title="bbox 75 630 2273 719; baseline 0.005 -28"><span class='ocrx_word' id='word_1_22' title='bbox 75 630 412 710; x_wconf 84' lang='lat' dir='ltr'><strong>Hipponiei</strong></span> <span class='ocrx_word' id='word_1_23' title='bbox 465 631 611 704; x_wconf 78' lang='lat' dir='ltr'><strong>lilii,</strong></span> <span class='ocrx_word' id='word_1_24' title='bbox 681 648 926 695; x_wconf 85' lang='lat' dir='ltr'><strong>amores</strong></span> <span class='ocrx_word' id='word_1_25' title='bbox 982 640 1046 696; x_wconf 88' lang='lat' dir='ltr'><strong>et</strong></span> <span class='ocrx_word' id='word_1_26' title='bbox 1103 636 1391 713; x_wconf 74' lang='lat' dir='ltr'>delicias,</span> <span class='ocrx_word' id='word_1_27' title='bbox 1450 639 1703 701; x_wconf 85' lang='lat' dir='ltr'><strong>Maxim.</strong></span> <span class='ocrx_word' id='word_1_28' title='bbox 1751 639 1904 719; x_wconf 88' lang='lat' dir='ltr'><strong>Tyr.</strong></span> <span class='ocrx_word' id='word_1_29' title='bbox 1958 637 2163 704; x_wconf 83' lang='lat' dir='ltr'>XXVI</span> <span class='ocrx_word' id='word_1_30' title='bbox 2210 642 2273 703; x_wconf 82' lang='lat'><strong>8.</strong></span> 
     </span>
     <span class='ocr_line' id='line_1_5' title="bbox 77 749 2273 839; baseline 0.005 -31"><span class='ocrx_word' id='word_1_31' title='bbox 77 767 335 827; x_wconf 84' lang='lat' dir='ltr'><strong>eamque</strong></span> <span class='ocrx_word' id='word_1_32' title='bbox 393 749 473 810; x_wconf 81' lang='lat' dir='ltr'><strong>oh</strong></span> <span class='ocrx_word' id='word_1_33' title='bbox 530 767 814 826; x_wconf 85' lang='lat' dir='ltr'><strong>causam,</strong></span> <span class='ocrx_word' id='word_1_34' title='bbox 865 752 1118 832; x_wconf 79' lang='lat' dir='ltr'><strong>opinor,</strong></span> <span class='ocrx_word' id='word_1_35' title='bbox 1172 758 1463 833; x_wconf 77' lang='lat' dir='ltr'><strong>tauquam</strong></span> <span class='ocrx_word' id='word_1_36' title='bbox 1518 751 1840 818; x_wconf 81' lang='lat' dir='ltr'><strong>muliebria</strong></span> <span class='ocrx_word' id='word_1_37' title='bbox 1892 775 2145 839; x_wconf 83' lang='lat' dir='ltr'><strong>passum</strong></span> <span class='ocrx_word' id='word_1_38' title='bbox 2196 759 2273 819; x_wconf 75' lang='lat' dir='ltr'><strong>ab</strong></span> 
     </span>
     <span class='ocr_line' id='line_1_6' title="bbox 74 866 2277 954; baseline 0.005 -29"><span class='ocrx_word' id='word_1_39' title='bbox 74 866 392 946; x_wconf 74' lang='lat' dir='ltr'><strong>Eupolide</strong></span> <span class='ocrx_word' id='word_1_40' title='bbox 445 868 833 945; x_wconf 81' lang='lat' dir='ltr'><strong>traductum,</strong></span> <span class='ocrx_word' id='word_1_41' title='bbox 887 870 1066 932; x_wconf 85' lang='lat' dir='ltr'><strong>cuius</strong></span> <span class='ocrx_word' id='word_1_42' title='bbox 1123 871 1218 932; x_wconf 88' lang='lat' dir='ltr'><strong>rei</strong></span> <span class='ocrx_word' id='word_1_43' title='bbox 1269 877 1463 935; x_wconf 86' lang='lat' dir='ltr'><strong>tenue</strong></span> <span class='ocrx_word' id='word_1_44' title='bbox 1504 874 1755 954; x_wconf 83' lang='lat' dir='ltr'><strong>quidem</strong></span> <span class='ocrx_word' id='word_1_45' title='bbox 1810 873 1925 935; x_wconf 84' lang='lat' dir='ltr'><strong>sed</strong></span> <span class='ocrx_word' id='word_1_46' title='bbox 1978 875 2277 936; x_wconf 83' lang='lat' dir='ltr'><strong>idoneum</strong></span> 
     </span>
     <span class='ocr_line' id='line_1_7' title="bbox 73 982 2277 1072; baseline 0.003 -27"><span class='ocrx_word' id='word_1_47' title='bbox 73 991 280 1046; x_wconf 87' lang='lat' dir='ltr'><strong>tamen</strong></span> <span class='ocrx_word' id='word_1_48' title='bbox 337 986 638 1049; x_wconf 82' lang='lat' dir='ltr'><strong>indicium</strong></span> <span class='ocrx_word' id='word_1_49' title='bbox 691 988 992 1052; x_wconf 80' lang='lat' dir='ltr'><strong>habemus</strong></span> <span class='ocrx_word' id='word_1_50' title='bbox 1051 987 1216 1070; x_wconf 88' lang='lat' dir='ltr'><strong>apud</strong></span> <span class='ocrx_word' id='word_1_51' title='bbox 1257 990 1532 1070; x_wconf 77' lang='lat' dir='ltr'><strong>Etymol.</strong></span> <span class='ocrx_word' id='word_1_52' title='bbox 1578 991 1671 1054; x_wconf 88' lang='lat' dir='ltr'><strong>M.</strong></span> <span class='ocrx_word' id='word_1_53' title='bbox 1729 1013 1786 1072; x_wconf 87' lang='lat' dir='ltr'><strong>p.</strong></span> <span class='ocrx_word' id='word_1_54' title='bbox 1810 993 1957 1052; x_wconf 51' lang='lat'><strong>“399</strong></span> <span class='ocrx_word' id='word_1_55' title='bbox 2000 992 2085 1053; x_wconf 78' lang='lat'><strong>17</strong></span> <span class='ocrx_word' id='word_1_56' title='bbox 2137 982 2277 1051; x_wconf 82' lang='grc' dir='ltr'><strong>Εὐ-</strong></span> 
     </span>
     <span class='ocr_line' id='line_1_8' title="bbox 73 1095 2373 1188; baseline 0.003 -27"><span class='ocrx_word' id='word_1_57' title='bbox 73 1095 359 1184; x_wconf 71' lang='grc' dir='ltr'><strong><em>τρήσιος,</em></strong></span> <span class='ocrx_word' id='word_1_58' title='bbox 425 1099 610 1186; x_wconf 75' lang='grc' dir='ltr'><em>παρὰ</em></span> <span class='ocrx_word' id='word_1_59' title='bbox 670 1099 748 1166; x_wconf 88' lang='grc' dir='ltr'><strong>τὸ</strong></span> <span class='ocrx_word' id='word_1_60' title='bbox 811 1103 1185 1188; x_wconf 75' lang='grc' dir='ltr'><strong><em>τετρῆσθαι</em></strong></span> <span class='ocrx_word' id='word_1_61' title='bbox 1247 1100 1369 1168; x_wconf 83' lang='grc' dir='ltr'><strong>τὸν</strong></span> <span class='ocrx_word' id='word_1_62' title='bbox 1429 1101 1821 1170; x_wconf 81' lang='grc' dir='ltr'><strong><em>Αὐτόλυκον</em></strong></span> <span class='ocrx_word' id='word_1_63' title='bbox 1882 1099 1919 1168; x_wconf 85' lang='grc' dir='ltr'>ὁ</span> <span class='ocrx_word' id='word_1_64' title='bbox 1983 1100 2277 1180; x_wconf 78' lang='grc' dir='ltr'><strong><em>Εὔπολις</em></strong></span> <span class='ocrx_word' id='word_1_65' title='bbox 2360 1109 2373 1115; x_wconf 88' lang='grc'>’</span> 
     </span>
     <span class='ocr_line' id='line_1_9' title="bbox 73 1215 2275 1306; baseline 0.003 -24"><span class='ocrx_word' id='word_1_66' title='bbox 73 1215 381 1284; x_wconf 75' lang='grc' dir='ltr'><strong><em>σκώπτει.</em></strong></span> <span class='ocrx_word' id='word_1_67' title='bbox 483 1215 808 1306; x_wconf 72' lang='grc' dir='ltr'><strong><em>Εὔτρησις</em></strong></span> <span class='ocrx_word' id='word_1_68' title='bbox 873 1220 1064 1297; x_wconf 79' lang='grc' dir='ltr'><strong><em>πόλις</em></strong></span> <span class='ocrx_word' id='word_1_69' title='bbox 1125 1215 1517 1305; x_wconf 81' lang='grc' dir='ltr'><strong><em>Ἀρκαδική.</em></strong></span> <span class='ocrx_word' id='word_1_70' title='bbox 1636 1227 1695 1286; x_wconf 91' lang='lat' dir='ltr'><strong>Is</strong></span> <span class='ocrx_word' id='word_1_71' title='bbox 1763 1245 1951 1306; x_wconf 83' lang='lat' dir='ltr'><strong>quum</strong></span> <span class='ocrx_word' id='word_1_72' title='bbox 2025 1226 2275 1306; x_wconf 74' lang='lat' dir='ltr'><strong>olymp.</strong></span> 
     </span>
     <span class='ocr_line' id='line_1_10' title="bbox 74 1340 2279 1424; baseline 0.003 -23"><span class='ocrx_word' id='word_1_73' title='bbox 74 1340 398 1403; x_wconf 84' lang='lat' dir='ltr'><strong>LXXXIX</strong></span> <span class='ocrx_word' id='word_1_74' title='bbox 439 1341 482 1400; x_wconf 79' lang='lat'><strong>3</strong></span> <span class='ocrx_word' id='word_1_75' title='bbox 523 1343 584 1403; x_wconf 87' lang='lat' dir='ltr'><strong>in</strong></span> <span class='ocrx_word' id='word_1_76' title='bbox 630 1343 868 1423; x_wconf 82' lang='lat' dir='ltr'><strong>magnis</strong></span> <span class='ocrx_word' id='word_1_77' title='bbox 898 1342 1346 1406; x_wconf 84' lang='lat' dir='ltr'><strong>Panathenaeis</strong></span> <span class='ocrx_word' id='word_1_78' title='bbox 1390 1347 1497 1424; x_wconf 78' lang='lat'><strong>⁰²)</strong></span> <span class='ocrx_word' id='word_1_79' title='bbox 1543 1343 1917 1424; x_wconf 85' lang='lat' dir='ltr'><strong>quinquertii</strong></span> <span class='ocrx_word' id='word_1_80' title='bbox 1958 1345 2279 1407; x_wconf 82' lang='lat' dir='ltr'><strong>victoriam</strong></span> 
     </span>
     <span class='ocr_line' id='line_1_11' title="bbox 75 1459 2278 1537; baseline 0.003 -19"><span class='ocrx_word' id='word_1_81' title='bbox 75 1463 501 1536; x_wconf 66' lang='lat' dir='ltr'><strong>consequutus</strong></span> <span class='ocrx_word' id='word_1_82' title='bbox 545 1465 733 1535; x_wconf 78' lang='lat' dir='ltr'><strong>esset,</strong></span> <span class='ocrx_word' id='word_1_83' title='bbox 779 1459 894 1525; x_wconf 80' lang='lat' dir='ltr'><strong>cfr.</strong></span> <span class='ocrx_word' id='word_1_84' title='bbox 937 1461 1175 1524; x_wconf 78' lang='lat' dir='ltr'>Plinius</span> <span class='ocrx_word' id='word_1_85' title='bbox 1222 1461 1302 1524; x_wconf 87' lang='grc' dir='ltr'><strong>Η.</strong></span> <span class='ocrx_word' id='word_1_86' title='bbox 1347 1461 1427 1527; x_wconf 87' lang='lat' dir='ltr'><strong>N.</strong></span> <span class='ocrx_word' id='word_1_87' title='bbox 1469 1461 1738 1526; x_wconf 85' lang='lat' dir='ltr'><strong>XXXIV</strong></span> <span class='ocrx_word' id='word_1_88' title='bbox 1786 1461 1888 1537; x_wconf 81' lang='lat'><strong>17,</strong></span> <span class='ocrx_word' id='word_1_89' title='bbox 1942 1462 2168 1524; x_wconf 81' lang='lat' dir='ltr'><strong>Callias</strong></span> <span class='ocrx_word' id='word_1_90' title='bbox 2212 1463 2278 1525; x_wconf 86' lang='lat' dir='ltr'><strong>in</strong></span> 
     </span>
     <span class='ocr_line' id='line_1_12' title="bbox 74 1577 2279 1660; baseline 0.003 -24"><span class='ocrx_word' id='word_1_91' title='bbox 74 1579 382 1638; x_wconf 81' lang='lat' dir='ltr'><strong>honorem</strong></span> <span class='ocrx_word' id='word_1_92' title='bbox 425 1577 638 1639; x_wconf 79' lang='lat' dir='ltr'><strong>dilecti</strong></span> <span class='ocrx_word' id='word_1_93' title='bbox 681 1582 862 1659; x_wconf 89' lang='lat' dir='ltr'><strong>pueri</strong></span> <span class='ocrx_word' id='word_1_94' title='bbox 913 1579 1150 1641; x_wconf 85' lang='lat' dir='ltr'><strong>lautum</strong></span> <span class='ocrx_word' id='word_1_95' title='bbox 1205 1587 1270 1640; x_wconf 84' lang='lat' dir='ltr'><strong>et</strong></span> <span class='ocrx_word' id='word_1_96' title='bbox 1325 1582 1582 1660; x_wconf 82' lang='lat' dir='ltr'><strong>opipare</strong></span> <span class='ocrx_word' id='word_1_97' title='bbox 1625 1581 1974 1642; x_wconf 74' lang='lat' dir='ltr'><strong>convivium</strong></span> <span class='ocrx_word' id='word_1_98' title='bbox 2020 1599 2279 1660; x_wconf 84' lang='lat' dir='ltr'><strong>appara-</strong></span> 
     </span>
     <span class='ocr_line' id='line_1_13' title="bbox 6 1692 2277 1776; baseline 0.002 -24"><span class='ocrx_word' id='word_1_99' title='bbox 6 1735 8 1752; x_wconf 48' lang='lat'>:</span> <span class='ocrx_word' id='word_1_100' title='bbox 71 1697 191 1771; x_wconf 82' lang='lat' dir='ltr'><strong>vit,</strong></span> <span class='ocrx_word' id='word_1_101' title='bbox 250 1696 420 1775; x_wconf 86' lang='lat' dir='ltr'><strong>quod</strong></span> <span class='ocrx_word' id='word_1_102' title='bbox 471 1695 875 1776; x_wconf 76' lang='lat' dir='ltr'><strong>descripsisse</strong></span> <span class='ocrx_word' id='word_1_103' title='bbox 931 1702 1174 1758; x_wconf 87' lang='lat' dir='ltr'><strong>constat</strong></span> <span class='ocrx_word' id='word_1_104' title='bbox 1215 1692 1719 1775; x_wconf 80' lang='lat' dir='ltr'><strong>Xenophontem.</strong></span> <span class='ocrx_word' id='word_1_105' title='bbox 1812 1697 2041 1759; x_wconf 78' lang='lat' dir='ltr'><strong>Postea</strong></span> <span class='ocrx_word' id='word_1_106' title='bbox 2083 1701 2277 1760; x_wconf 81' lang='lat' dir='ltr'><strong>Auto-</strong></span> 
     </span>
     <span class='ocr_line' id='line_1_14' title="bbox 73 1814 2279 1896; baseline 0 -21"><span class='ocrx_word' id='word_1_107' title='bbox 73 1816 280 1895; x_wconf 90' lang='lat' dir='ltr'><strong>lycum</strong></span> <span class='ocrx_word' id='word_1_108' title='bbox 339 1815 534 1892; x_wconf 75' lang='lat' dir='ltr'><strong>captis</strong></span> <span class='ocrx_word' id='word_1_109' title='bbox 587 1814 850 1875; x_wconf 79' lang='lat' dir='ltr'><strong>Athenis</strong></span> <span class='ocrx_word' id='word_1_110' title='bbox 915 1816 1168 1896; x_wconf 81' lang='lat' dir='ltr'><strong>triginta</strong></span> <span class='ocrx_word' id='word_1_111' title='bbox 1229 1817 1502 1876; x_wconf 83' lang='lat' dir='ltr'><strong>virorum</strong></span> <span class='ocrx_word' id='word_1_112' title='bbox 1566 1816 1737 1876; x_wconf 84' lang='lat' dir='ltr'><strong>iussu</strong></span> <span class='ocrx_word' id='word_1_113' title='bbox 1792 1816 2067 1876; x_wconf 82' lang='lat' dir='ltr'><strong>occisum</strong></span> <span class='ocrx_word' id='word_1_114' title='bbox 2136 1833 2279 1876; x_wconf 86' lang='lat' dir='ltr'><strong>esse</strong></span> 
     </span>
     <span class='ocr_line' id='line_1_15' title="bbox 76 1931 2279 2013; baseline -0 -18"><span class='ocrx_word' id='word_1_115' title='bbox 76 1933 414 1995; x_wconf 83' lang='lat' dir='ltr'><strong>memoriae</strong></span> <span class='ocrx_word' id='word_1_116' title='bbox 469 1931 746 2012; x_wconf 80' lang='lat' dir='ltr'><strong>prodidit</strong></span> <span class='ocrx_word' id='word_1_117' title='bbox 800 1933 1171 1997; x_wconf 77' lang='lat' dir='ltr'><strong>Plutarchus</strong></span> <span class='ocrx_word' id='word_1_118' title='bbox 1239 1933 1384 2012; x_wconf 87' lang='lat' dir='ltr'><strong>Lys.</strong></span> <span class='ocrx_word' id='word_1_119' title='bbox 1430 1931 1513 1992; x_wconf 83' lang='lat'><strong>15</strong></span> <span class='ocrx_word' id='word_1_120' title='bbox 1570 1951 1633 2012; x_wconf 87' lang='lat' dir='ltr'><strong>p.</strong></span> <span class='ocrx_word' id='word_1_121' title='bbox 1678 1931 1823 1992; x_wconf 84' lang='grc'><strong>116.</strong></span> <span class='ocrx_word' id='word_1_122' title='bbox 1926 1934 2064 2013; x_wconf 79' lang='lat' dir='ltr'><strong>Quo</strong></span> <span class='ocrx_word' id='word_1_123' title='bbox 2118 1953 2279 1996; x_wconf 82' lang='lat' dir='ltr'><strong>anno</strong></span> 
     </span>
     <span class='ocr_line' id='line_1_16' title="bbox 73 2035 2280 2132; baseline 0.001 -21"><span class='ocrx_word' id='word_1_124' title='bbox 73 2053 346 2115; x_wconf 84' lang='lat' dir='ltr'><strong>fabulam</strong></span> <span class='ocrx_word' id='word_1_125' title='bbox 393 2035 556 2111; x_wconf 83' lang='lat' dir='ltr'><strong>hanc</strong></span> <span class='ocrx_word' id='word_1_126' title='bbox 615 2050 897 2112; x_wconf 81' lang='lat' dir='ltr'><strong>docuerit</strong></span> <span class='ocrx_word' id='word_1_127' title='bbox 939 2052 1202 2132; x_wconf 78' lang='lat' dir='ltr'><strong>Eupolis</strong></span> <span class='ocrx_word' id='word_1_128' title='bbox 1259 2071 1336 2116; x_wconf 84' lang='lat' dir='ltr'><strong>ex</strong></span> <span class='ocrx_word' id='word_1_129' title='bbox 1380 2049 1705 2115; x_wconf 72' lang='lat' dir='ltr'><strong>Athenaeo</strong></span> <span class='ocrx_word' id='word_1_130' title='bbox 1748 2051 2123 2131; x_wconf 76' lang='lat' dir='ltr'><strong>perspicitur</strong></span> <span class='ocrx_word' id='word_1_131' title='bbox 2172 2051 2280 2114; x_wconf 84' lang='lat' dir='ltr'><strong>lib.</strong></span> 
     </span>
     <span class='ocr_line' id='line_1_17' title="bbox 76 2158 2283 2252; baseline -0.003 -17"><span class='ocrx_word' id='word_1_132' title='bbox 76 2173 132 2234; x_wconf 88' lang='lat' dir='ltr'>V</span> <span class='ocrx_word' id='word_1_133' title='bbox 176 2194 237 2252; x_wconf 88' lang='lat' dir='ltr'><strong>p.</strong></span> <span class='ocrx_word' id='word_1_134' title='bbox 261 2170 446 2232; x_wconf 77' lang='lat'>2160</span> <span class='ocrx_word' id='word_1_135' title='bbox 489 2165 596 2228; x_wconf 79' lang='grc' dir='ltr'><strong>ἐπὶ</strong></span> <span class='ocrx_word' id='word_1_136' title='bbox 641 2162 880 2230; x_wconf 85' lang='grc' dir='ltr'><strong><em>τούτου</em></strong></span> <span class='ocrx_word' id='word_1_137' title='bbox 923 2158 1330 2248; x_wconf 75' lang='lat' dir='ltr'><strong>(Aristionem</strong></span> <span class='ocrx_word' id='word_1_138' title='bbox 1378 2168 1739 2232; x_wconf 82' lang='lat' dir='ltr'><strong>archontem</strong></span> <span class='ocrx_word' id='word_1_139' title='bbox 1770 2167 1949 2248; x_wconf 83' lang='lat' dir='ltr'><strong>dicit)</strong></span> <span class='ocrx_word' id='word_1_140' title='bbox 1991 2161 2283 2241; x_wconf 78' lang='grc' dir='ltr'><strong><em>Εὔπολις</em></strong></span> 
     </span>
     <span class='ocr_line' id='line_1_18' title="bbox 79 2278 2280 2368; baseline -0.001 -18"><span class='ocrx_word' id='word_1_141' title='bbox 79 2285 198 2350; x_wconf 86' lang='grc' dir='ltr'><strong>τὸν</strong></span> <span class='ocrx_word' id='word_1_142' title='bbox 227 2281 622 2350; x_wconf 77' lang='grc' dir='ltr'><strong><em>Αὐτόλυκον</em></strong></span> <span class='ocrx_word' id='word_1_143' title='bbox 663 2280 940 2364; x_wconf 75' lang='grc' dir='ltr'><strong><em>διδάξας</em></strong></span> <span class='ocrx_word' id='word_1_144' title='bbox 985 2283 1275 2368; x_wconf 73' lang='grc' dir='ltr'><strong><em>χλευάζει</em></strong></span> <span class='ocrx_word' id='word_1_145' title='bbox 1319 2283 1443 2364; x_wconf 77' lang='grc' dir='ltr'><strong>τὴν</strong></span> <span class='ocrx_word' id='word_1_146' title='bbox 1480 2278 1671 2360; x_wconf 82' lang='grc' dir='ltr'><strong><em>νίκην</em></strong></span> <span class='ocrx_word' id='word_1_147' title='bbox 1712 2281 1832 2344; x_wconf 81' lang='grc' dir='ltr'><strong>τοῦ</strong></span> <span class='ocrx_word' id='word_1_148' title='bbox 1875 2279 2280 2361; x_wconf 82' lang='grc' dir='ltr'><strong><em>Αὐτολύκου,</em></strong></span> 
     </span>
     <span class='ocr_line' id='line_1_19' title="bbox 77 2406 2283 2488; baseline -0 -19"><span class='ocrx_word' id='word_1_149' title='bbox 77 2412 143 2474; x_wconf 89' lang='lat' dir='ltr'><strong>h.</strong></span> <span class='ocrx_word' id='word_1_150' title='bbox 170 2430 226 2471; x_wconf 90' lang='lat' dir='ltr'><strong>e.</strong></span> <span class='ocrx_word' id='word_1_151' title='bbox 247 2410 498 2488; x_wconf 82' lang='lat' dir='ltr'><strong>olymp.</strong></span> <span class='ocrx_word' id='word_1_152' title='bbox 527 2406 846 2483; x_wconf 82' lang='lat' dir='ltr'><strong>LXXXIX</strong></span> <span class='ocrx_word' id='word_1_153' title='bbox 867 2408 929 2482; x_wconf 82' lang='lat'><strong>4,</strong></span> <span class='ocrx_word' id='word_1_154' title='bbox 969 2409 1162 2488; x_wconf 82' lang='lat' dir='ltr'><strong>igitur</strong></span> <span class='ocrx_word' id='word_1_155' title='bbox 1203 2426 1363 2469; x_wconf 90' lang='lat' dir='ltr'><strong>anno</strong></span> <span class='ocrx_word' id='word_1_156' title='bbox 1386 2412 1709 2487; x_wconf 81' lang='lat' dir='ltr'><strong>postquam</strong></span> <span class='ocrx_word' id='word_1_157' title='bbox 1746 2406 2091 2486; x_wconf 77' lang='lat' dir='ltr'><strong>Autolycus</strong></span> <span class='ocrx_word' id='word_1_158' title='bbox 2132 2426 2283 2486; x_wconf 86' lang='lat' dir='ltr'><strong>pau-</strong></span> 
     </span>
     <span class='ocr_line' id='line_1_20' title="bbox 79 2506 2283 2605; baseline -0.002 -15"><span class='ocrx_word' id='word_1_159' title='bbox 79 2531 260 2591; x_wconf 85' lang='lat' dir='ltr'><strong>cratii</strong></span> <span class='ocrx_word' id='word_1_160' title='bbox 301 2529 501 2588; x_wconf 87' lang='lat' dir='ltr'><strong>victor</strong></span> <span class='ocrx_word' id='word_1_161' title='bbox 546 2530 857 2599; x_wconf 83' lang='lat' dir='ltr'><strong>evaserat,</strong></span> <span class='ocrx_word' id='word_1_162' title='bbox 913 2525 1275 2605; x_wconf 82' lang='lat' dir='ltr'><strong>falliturque</strong></span> <span class='ocrx_word' id='word_1_163' title='bbox 1331 2526 1489 2586; x_wconf 89' lang='lat' dir='ltr'><strong>adeo</strong></span> <span class='ocrx_word' id='word_1_164' title='bbox 1527 2524 1875 2587; x_wconf 77' lang='lat' dir='ltr'><strong>Scholiasta</strong></span> <span class='ocrx_word' id='word_1_165' title='bbox 1921 2506 2283 2603; x_wconf 77' lang='lat' dir='ltr'><strong>Aristopha-</strong></span> 
     </span>
     <span class='ocr_line' id='line_1_21' title="bbox 82 2628 2281 2724; baseline -0.004 -14"><span class='ocrx_word' id='word_1_166' title='bbox 82 2668 224 2710; x_wconf 86' lang='lat' dir='ltr'><strong>nem</strong></span> <span class='ocrx_word' id='word_1_167' title='bbox 267 2646 460 2724; x_wconf 87' lang='lat' dir='ltr'><strong>Vesp.</strong></span> <span class='ocrx_word' id='word_1_168' title='bbox 509 2628 677 2703; x_wconf 68' lang='lat'>1⁰20</span> <span class='ocrx_word' id='word_1_169' title='bbox 733 2641 811 2704; x_wconf 86' lang='lat' dir='ltr'><strong>ad</strong></span> <span class='ocrx_word' id='word_1_170' title='bbox 853 2643 1182 2723; x_wconf 82' lang='lat' dir='ltr'><strong>Eupolidis</strong></span> <span class='ocrx_word' id='word_1_171' title='bbox 1224 2646 1597 2723; x_wconf 88' lang='lat' dir='ltr'><strong>Autolycum</strong></span> <span class='ocrx_word' id='word_1_172' title='bbox 1652 2644 2007 2722; x_wconf 83' lang='lat' dir='ltr'><strong>respexisse</strong></span> <span class='ocrx_word' id='word_1_173' title='bbox 2046 2642 2281 2715; x_wconf 87' lang='lat' dir='ltr'><strong>dicens,</strong></span> 
     </span>
     <span class='ocr_line' id='line_1_22' title="bbox 88 2758 2286 2841; baseline -0.003 -14"><span class='ocrx_word' id='word_1_174' title='bbox 88 2787 225 2827; x_wconf 85' lang='lat' dir='ltr'><strong>cum</strong></span> <span class='ocrx_word' id='word_1_175' title='bbox 281 2766 534 2841; x_wconf 88' lang='lat' dir='ltr'><strong>Vespae</strong></span> <span class='ocrx_word' id='word_1_176' title='bbox 591 2760 715 2821; x_wconf 83' lang='lat' dir='ltr'><strong>iam</strong></span> <span class='ocrx_word' id='word_1_177' title='bbox 777 2761 1023 2841; x_wconf 88' lang='lat' dir='ltr'><strong>Olymp.</strong></span> <span class='ocrx_word' id='word_1_178' title='bbox 1070 2760 1391 2821; x_wconf 86' lang='lat' dir='ltr'><strong>LXXXIX</strong></span> <span class='ocrx_word' id='word_1_179' title='bbox 1437 2763 1479 2820; x_wconf 72' lang='lat'><strong>2</strong></span> <span class='ocrx_word' id='word_1_180' title='bbox 1536 2765 1711 2819; x_wconf 81' lang='lat' dir='ltr'><strong>actae</strong></span> <span class='ocrx_word' id='word_1_181' title='bbox 1762 2758 2017 2821; x_wconf 82' lang='lat' dir='ltr'><strong>fuerint.</strong></span> <span class='ocrx_word' id='word_1_182' title='bbox 2120 2762 2286 2820; x_wconf 85' lang='lat' dir='ltr'><strong>Duas</strong></span> 
     </span>
     <span class='ocr_line' id='line_1_23' title="bbox 85 2873 2284 2947; baseline -0.004 -2"><span class='ocrx_word' id='word_1_183' title='bbox 85 2886 282 2947; x_wconf 81' lang='lat' dir='ltr'><strong>fuisse</strong></span> <span class='ocrx_word' id='word_1_184' title='bbox 321 2880 574 2942; x_wconf 77' lang='lat' dir='ltr'><strong>fabulae</strong></span> <span class='ocrx_word' id='word_1_185' title='bbox 616 2878 1014 2939; x_wconf 86' lang='lat' dir='ltr'><strong>recensiones</strong></span> <span class='ocrx_word' id='word_1_186' title='bbox 1059 2883 1299 2939; x_wconf 78' lang='lat' dir='ltr'><strong>constat</strong></span> <span class='ocrx_word' id='word_1_187' title='bbox 1343 2899 1379 2939; x_wconf 89' lang='lat' dir='ltr'><strong>e</strong></span> <span class='ocrx_word' id='word_1_188' title='bbox 1422 2877 1815 2938; x_wconf 73' lang='lat' dir='ltr'><strong>citationibus</strong></span> <span class='ocrx_word' id='word_1_189' title='bbox 1858 2873 2133 2938; x_wconf 82' lang='lat' dir='ltr'><strong>Pollucis</strong></span> <span class='ocrx_word' id='word_1_190' title='bbox 2163 2876 2284 2940; x_wconf 84' lang='lat' dir='ltr'><strong>vn</strong></span> 
     </span>
    </p>
   </div>
   <div class='ocr_carea' id='block_1_3' title="bbox 88 3064 486 3082">
    <p class='ocr_par' dir='ltr' id='par_1_3' title="bbox 88 3064 486 3082">
     <span class='ocr_line' id='line_1_24' title="bbox 88 3064 486 3082; baseline 0 1718"><span class='ocrx_word' id='word_1_191' title='bbox 88 3064 486 3082; x_wconf 95' lang='lat' dir='ltr'><strong> </strong></span> 
     </span>
    </p>
   </div>
   <div class='ocr_carea' id='block_1_4' title="bbox 175 3189 2287 3607">
    <p class='ocr_par' dir='ltr' id='par_1_4' title="bbox 175 3189 2287 3607">
     <span class='ocr_line' id='line_1_25' title="bbox 175 3189 2283 3273; baseline -0.004 -15"><span class='ocrx_word' id='word_1_192' title='bbox 175 3200 239 3234; x_wconf 77' lang='lat'><strong>⁶¹</strong></span> <span class='ocrx_word' id='word_1_193' title='bbox 221 3194 408 3273; x_wconf 81' lang='lat' dir='ltr'><strong>¹.)V</strong></span> <span class='ocrx_word' id='word_1_194' title='bbox 451 3191 662 3254; x_wconf 87' lang='lat' dir='ltr'><strong>Schol.</strong></span> <span class='ocrx_word' id='word_1_195' title='bbox 717 3191 796 3253; x_wconf 86' lang='lat' dir='ltr'><strong>ad</strong></span> <span class='ocrx_word' id='word_1_196' title='bbox 839 3189 1158 3271; x_wconf 81' lang='lat' dir='ltr'><strong>Aristoph.</strong></span> <span class='ocrx_word' id='word_1_197' title='bbox 1203 3189 1464 3269; x_wconf 78' lang='lat' dir='ltr'><strong>Lysistr.</strong></span> <span class='ocrx_word' id='word_1_198' title='bbox 1509 3192 1635 3253; x_wconf 77' lang='lat'><strong>270</strong></span> <span class='ocrx_word' id='word_1_199' title='bbox 1688 3198 1754 3252; x_wconf 81' lang='lat' dir='ltr'><strong>et</strong></span> <span class='ocrx_word' id='word_1_200' title='bbox 1798 3193 2041 3253; x_wconf 88' lang='lat' dir='ltr'><strong>Platon.</strong></span> <span class='ocrx_word' id='word_1_201' title='bbox 2090 3190 2283 3251; x_wconf 75' lang='lat' dir='ltr'><strong>Bekk.</strong></span> 
     </span>
     <span class='ocr_line' id='line_1_26' title="bbox 247 3274 2286 3359; baseline -0.003 -21"><span class='ocrx_word' id='word_1_202' title='bbox 247 3298 312 3359; x_wconf 90' lang='lat' dir='ltr'><strong>p.</strong></span> <span class='ocrx_word' id='word_1_203' title='bbox 358 3278 508 3349; x_wconf 84' lang='grc'>466,</span> <span class='ocrx_word' id='word_1_204' title='bbox 553 3278 660 3336; x_wconf 89' lang='lat' dir='ltr'><strong>ubi</strong></span> <span class='ocrx_word' id='word_1_205' title='bbox 701 3282 1132 3357; x_wconf 78' lang='lat' dir='ltr'><strong>paupertatem</strong></span> <span class='ocrx_word' id='word_1_206' title='bbox 1177 3275 1444 3353; x_wconf 89' lang='lat' dir='ltr'><strong>Lyconis</strong></span> <span class='ocrx_word' id='word_1_207' title='bbox 1488 3276 1549 3335; x_wconf 92' lang='lat' dir='ltr'><strong>in</strong></span> <span class='ocrx_word' id='word_1_208' title='bbox 1594 3276 1819 3355; x_wconf 86' lang='lat' dir='ltr'><strong>Pytine</strong></span> <span class='ocrx_word' id='word_1_209' title='bbox 1865 3281 2110 3336; x_wconf 85' lang='lat' dir='ltr'><strong>notasse</strong></span> <span class='ocrx_word' id='word_1_210' title='bbox 2136 3274 2286 3333; x_wconf 85' lang='lat' dir='ltr'><strong>Cra—</strong></span> 
     </span>
     <span class='ocr_line' id='line_1_27' title="bbox 252 3357 2286 3455; baseline -0.005 -32"><span class='ocrx_word' id='word_1_211' title='bbox 252 3365 452 3423; x_wconf 85' lang='lat' dir='ltr'><strong>tinum</strong></span> <span class='ocrx_word' id='word_1_212' title='bbox 497 3362 781 3440; x_wconf 73' lang='lat' dir='ltr'><strong>legimuS‚</strong></span> <span class='ocrx_word' id='word_1_213' title='bbox 826 3362 990 3439; x_wconf 83' lang='lat' dir='ltr'><strong>quod</strong></span> <span class='ocrx_word' id='word_1_214' title='bbox 1037 3380 1115 3420; x_wconf 85' lang='lat' dir='ltr'><strong>ne</strong></span> <span class='ocrx_word' id='word_1_215' title='bbox 1159 3362 1294 3439; x_wconf 85' lang='lat' dir='ltr'><strong>quis</strong></span> <span class='ocrx_word' id='word_1_216' title='bbox 1339 3368 1669 3455; x_wconf 68' lang='lat' dir='ltr'><strong>componat</strong></span> <span class='ocrx_word' id='word_1_217' title='bbox 1713 3380 1849 3419; x_wconf 90' lang='lat' dir='ltr'><strong>cum</strong></span> <span class='ocrx_word' id='word_1_218' title='bbox 1897 3362 2035 3418; x_wconf 84' lang='lat' dir='ltr'><strong>loco</strong></span> <span class='ocrx_word' id='word_1_219' title='bbox 2068 3357 2286 3415; x_wconf 81' lang='lat' dir='ltr'><strong>Gram-</strong></span> 
     </span>
     <span class='ocr_line' id='line_1_28' title="bbox 253 3437 2282 3523; baseline -0.004 -16"><span class='ocrx_word' id='word_1_220' title='bbox 253 3447 464 3507; x_wconf 84' lang='lat' dir='ltr'><strong>matici</strong></span> <span class='ocrx_word' id='word_1_221' title='bbox 519 3446 715 3507; x_wconf 79' lang='lat' dir='ltr'><strong>Bekk.</strong></span> <span class='ocrx_word' id='word_1_222' title='bbox 769 3446 1006 3509; x_wconf 86' lang='lat' dir='ltr'><strong>Anecd.</strong></span> <span class='ocrx_word' id='word_1_223' title='bbox 1080 3465 1142 3523; x_wconf 81' lang='lat' dir='ltr'><strong>p.</strong></span> <span class='ocrx_word' id='word_1_224' title='bbox 1202 3444 1327 3503; x_wconf 82' lang='grc'><strong>466</strong></span> <span class='ocrx_word' id='word_1_225' title='bbox 1386 3448 1426 3504; x_wconf 85' lang='grc'>6</span> <span class='ocrx_word' id='word_1_226' title='bbox 1515 3437 1911 3506; x_wconf 71' lang='grc' dir='ltr'><strong><em>Αὐτόλυκριε</em></strong></span> <span class='ocrx_word' id='word_1_227' title='bbox 1992 3440 2282 3514; x_wconf 71' lang='grc' dir='ltr'><strong>πένητες,</strong></span> 
     </span>
     <span class='ocr_line' id='line_1_29' title="bbox 251 3518 2287 3607; baseline -0.003 -14"><span class='ocrx_word' id='word_1_228' title='bbox 251 3518 399 3593; x_wconf 82' lang='grc' dir='ltr'><em>οἷον</em></span> <span class='ocrx_word' id='word_1_229' title='bbox 441 3522 938 3603; x_wconf 78' lang='grc' dir='ltr'><strong><em>αὐτοδιάκοιοι,</em></strong></span> <span class='ocrx_word' id='word_1_230' title='bbox 995 3532 1115 3591; x_wconf 90' lang='lat' dir='ltr'><strong>hoe</strong></span> <span class='ocrx_word' id='word_1_231' title='bbox 1167 3530 1372 3607; x_wconf 87' lang='lat' dir='ltr'><strong>ipsum</strong></span> <span class='ocrx_word' id='word_1_232' title='bbox 1430 3529 1492 3587; x_wconf 87' lang='lat' dir='ltr'><strong>in</strong></span> <span class='ocrx_word' id='word_1_233' title='bbox 1539 3520 2001 3603; x_wconf 72' lang='grc' dir='ltr'><strong><em>αὐτολήκυθοι</em></strong></span> <span class='ocrx_word' id='word_1_234' title='bbox 2046 3531 2287 3587; x_wconf 84' lang='lat' dir='ltr'><strong>mutan-</strong></span> 
     </span>
    </p>
   </div>
   <div class='ocr_carea' id='block_1_5' title="bbox 251 3618 560 3677">
    <p class='ocr_par' dir='ltr' id='par_1_5' title="bbox 251 3618 560 3677">
     <span class='ocr_line' id='line_1_30' title="bbox 251 3618 560 3677; baseline -0.007 0"><span class='ocrx_word' id='word_1_235' title='bbox 251 3618 400 3677; x_wconf 81' lang='lat' dir='ltr'><strong>dum</strong></span> <span class='ocrx_word' id='word_1_236' title='bbox 445 3620 560 3676; x_wconf 83' lang='lat' dir='ltr'><strong>est.</strong></span> 
     </span>
    </p>
   </div>
   <div class='ocr_carea' id='block_1_6' title="bbox 180 3694 2381 3848">
    <p class='ocr_par' dir='ltr' id='par_1_6' title="bbox 180 3694 2381 3848">
     <span class='ocr_line' id='line_1_31' title="bbox 180 3694 2375 3779; baseline -0.004 -17.855"><span class='ocrx_word' id='word_1_237' title='bbox 180 3705 284 3778; x_wconf 77' lang='lat'><strong>⁶²)</strong></span> <span class='ocrx_word' id='word_1_238' title='bbox 325 3702 556 3779; x_wconf 80' lang='lat' dir='ltr'><strong>Magna</strong></span> <span class='ocrx_word' id='word_1_239' title='bbox 603 3697 1038 3759; x_wconf 84' lang='lat' dir='ltr'><strong>Panathenaeo</strong></span> <span class='ocrx_word' id='word_1_240' title='bbox 1085 3699 1270 3757; x_wconf 84' lang='lat' dir='ltr'><strong>tertio</strong></span> <span class='ocrx_word' id='word_1_241' title='bbox 1316 3715 1565 3775; x_wconf 84' lang='lat' dir='ltr'><strong>quoque</strong></span> <span class='ocrx_word' id='word_1_242' title='bbox 1622 3698 1922 3775; x_wconf 84' lang='lat' dir='ltr'><strong>cuiusque</strong></span> <span class='ocrx_word' id='word_1_243' title='bbox 1970 3694 2289 3775; x_wconf 83' lang='lat' dir='ltr'><strong>Olympia·</strong></span> <span class='ocrx_word' id='word_1_244' title='bbox 2368 3756 2375 3765; x_wconf 71' lang='grc'>,</span> 
     </span>
     <span class='ocr_line' id='line_1_32' title="bbox 253 3779 2381 3848; baseline -0.005 -3"><span class='ocrx_word' id='word_1_245' title='bbox 253 3787 350 3845; x_wconf 84' lang='lat' dir='ltr'><strong>dis</strong></span> <span class='ocrx_word' id='word_1_246' title='bbox 391 3802 552 3847; x_wconf 82' lang='lat' dir='ltr'><strong>anuo</strong></span> <span class='ocrx_word' id='word_1_247' title='bbox 599 3803 812 3847; x_wconf 77' lang='lat' dir='ltr'><strong>meuse</strong></span> <span class='ocrx_word' id='word_1_248' title='bbox 851 3784 1398 3848; x_wconf 80' lang='lat' dir='ltr'><strong>Hecatombaeone</strong></span> <span class='ocrx_word' id='word_1_249' title='bbox 1442 3787 1575 3841; x_wconf 83' lang='lat' dir='ltr'><strong>acta</strong></span> <span class='ocrx_word' id='word_1_250' title='bbox 1622 3802 1762 3843; x_wconf 80' lang='lat' dir='ltr'><strong>esse</strong></span> <span class='ocrx_word' id='word_1_251' title='bbox 1809 3782 2019 3841; x_wconf 85' lang='lat' dir='ltr'><strong>docuit</strong></span> <span class='ocrx_word' id='word_1_252' title='bbox 2046 3779 2286 3839; x_wconf 84' lang='lat' dir='ltr'><strong>Boeck·</strong></span> <span class='ocrx_word' id='word_1_253' title='bbox 2376 3819 2381 3825; x_wconf 89' lang='lat'>-</span> 
     </span>
    </p>
   </div>
   <div class='ocr_carea' id='block_1_7' title="bbox 253 3859 2288 4033">
    <p class='ocr_par' dir='ltr' id='par_1_7' title="bbox 253 3859 2288 4033">
     <span class='ocr_line' id='line_1_33' title="bbox 253 3859 2288 4017; baseline -0.004 -88"><span class='ocrx_word' id='word_1_254' title='bbox 253 3868 677 4017; x_wconf 55' lang='lat' dir='ltr'><strong>biugagecon.</strong></span> <span class='ocrx_word' id='word_1_255' title='bbox 721 3871 946 3933; x_wconf 80' lang='lat' dir='ltr'><strong>Athen.</strong></span> <span class='ocrx_word' id='word_1_256' title='bbox 991 3869 1052 3929; x_wconf 92' lang='lat' dir='ltr'><strong>II</strong></span> <span class='ocrx_word' id='word_1_257' title='bbox 1087 3889 1157 3947; x_wconf 86' lang='lat' dir='ltr'><strong>p.</strong></span> <span class='ocrx_word' id='word_1_258' title='bbox 1183 3866 1329 3932; x_wconf 79' lang='lat'><strong>165.</strong></span> <span class='ocrx_word' id='word_1_259' title='bbox 1396 3866 1510 3929; x_wconf 83' lang='lat' dir='ltr'><strong>cfr.</strong></span> <span class='ocrx_word' id='word_1_260' title='bbox 1557 3867 1833 3929; x_wconf 86' lang='lat' dir='ltr'><strong>Clintoni</strong></span> <span class='ocrx_word' id='word_1_261' title='bbox 1864 3869 1912 3931; x_wconf 74' lang='lat' dir='ltr'><strong>F</strong></span> <span class='ocrx_word' id='word_1_262' title='bbox 1918 3871 2085 3927; x_wconf 84' lang='lat' dir='ltr'><strong>astos</strong></span> <span class='ocrx_word' id='word_1_263' title='bbox 2120 3859 2288 3922; x_wconf 79' lang='lat' dir='ltr'><strong>neu.</strong></span> 
     </span>
     <span class='ocr_line' id='line_1_34' title="bbox 257 3974 508 4033; baseline 0.004 -18"><span class='ocrx_word' id='word_1_264' title='bbox 257 3974 318 4033; x_wconf 85' lang='lat' dir='ltr'><strong>p.</strong></span> <span class='ocrx_word' id='word_1_265' title='bbox 492 3996 508 4016; x_wconf 90' lang='lat'><strong>.</strong></span> 
     </span>
    </p>
   </div>
  </div>
 </body>
</html>
