2717 4800
379 147 507 210 172
1355 161 1584 212 staro.

373 310 532 411 τούρ
599 308 910 402 πατέρας.
1021 313 1401 404 Graphicam
1466 313 1739 378 hominis
1804 311 2142 396 imaginem
2206 311 2583 376 adumbravit

383 432 728 516 Euripides
773 437 980 498 Orest.
1025 435 1324 511 891,-ub1
1363 446 1558 514 quum
1602 432 1709 495 alii
1754 436 1969 496 contra
2010 435 2367 511 temporum
2403 433 2585 494 ratio-
2702 507 2704 512 .

379 571 495 616 nes
539 549 844 616 Cleonem
888 552 1202 633 designari
1257 551 1657 628 statuissent,
1712 547 2093 614 scholiastes
2136 547 2587 631 Cleophontem

376 667 716 751 significari
771 670 1043 732 monuit:
1099 665 1291 732 θέλει
1348 663 1421 729 δὲ
1473 655 1681 729 εἰπεῖν
1718 703 1809 722 --
1855 661 2039 753 Θρᾷξ
2080 649 2167 744 ἦν
2208 663 2281 728 ἐκ
2322 660 2588 764 Δελφῶν

374 779 415 852 ὁ
479 777 851 869 Κλεοφῶν,
926 785 1036 848 ubi
1093 785 1508 852 Matthiaeum
1574 782 1741 868 fugit
1797 784 2161 850 Ruhnkenii
2223 785 2391 848 Hist.
2456 785 2586 850 crit.

377 908 552 972 Orat.
606 924 672 988 p.
715 903 889 970 XLV
949 903 1340 982 observatio,
1402 905 1592 967 verba
1645 898 1717 964 ἐκ
1757 898 2035 986 Δελφῶν
2080 901 2268 970 litun
2322 905 2589 969 sananda
2702 873 2704 902 ¹

317 1024 322 1039 '
382 1042 531 1089 esse
584 1021 908 1086 verissime
963 1021 1294 1086 monentis.
1390 1019 1711 1084 Praetoris
1762 1039 2029 1085 munere
2068 1020 2355 1088 functum
2397 1023 2589 1086 fuisse

379 1142 642 1224 colligas
695 1159 733 1202 e
785 1139 1136 1204 Scholiasta
1187 1139 1622 1226 Aristophanis
1682 1139 1845 1204 Ran.
1900 1141 2047 1216 660,
2115 1139 2237 1204 nisi
2278 1141 2338 1204 is
2396 1142 2589 1206 Scho-

294 1261 304 1272 '
382 1261 602 1348 liastae
659 1277 836 1320 error
891 1262 1006 1320 est.
1105 1257 1293 1320 Hunc
1335 1257 1531 1340 igitur
1569 1257 1921 1333 hominem,
1988 1255 2069 1320 de
2112 1275 2235 1338 quo
2276 1258 2465 1341 plura
2502 1261 2591 1322 di:
2702 1251 2704 1260 ¹

377 1386 593 1464 cturus
637 1395 830 1451 eram,
873 1393 1015 1438 cum
1055 1373 1358 1456 pleraque
1402 1376 1611 1438 omnia
1650 1395 1687 1436 a
1730 1372 2044 1438 Palmerio
2088 1376 2315 1442 Exerc-
2356 1397 2425 1462 p.
2470 1381 2591 1442 776
2702 1355 2704 1380 ¹

375 1503 442 1580 et
483 1495 728 1560 Meiere
771 1494 938 1556 Hist.
980 1493 1134 1555 iuris
1177 1495 1318 1583 Att.
1352 1512 1418 1580 p.
1461 1495 1590 1556 218
1652 1497 1956 1574 occupata
2008 1491 2172 1570 vidi,
2232 1492 2419 1560 Plato
2476 1495 2593 1562 hac
2702 1503 2704 1508 ’

377 1615 443 1680 ln
487 1613 701 1676 fabula
742 1610 1102 1694 gravissime
1147 1612 1498 1692 exagitavit,
1541 1615 1749 1674 motus
1790 1607 1964 1672 haud
2007 1609 2197 1674 dubie
2238 1611 2595 1696 importuna

377 1731 650 1796 hominis
703 1729 1054 1810 arrogantia
1108 1735 1174 1792 et
1223 1729 1587 1806 insolentia,
1644 1746 1769 1811 qua
1810 1732 1959 1810 post
1998 1730 2315 1812 proelium
2356 1732 2441 1798 ad
2480 1734 2595 1798 Ar-

375 1851 629 1934 ginusas
703 1849 1130 1923 commissum,
1204 1866 1346 1912 cum
1412 1844 1891 1912 Lacedaemonii
1953 1846 2363 1942 aequissimas
2424 1853 2592 1935 pacis

383 1968 788 2033 condiciones
829 1965 1153 2042 tulissent,
1207 1967 1419 2049 ebrius
1459 1967 1527 2032 in
1570 1964 1934 2026 concionem
1972 1965 2210 2048 prodiit
2248 1983 2594 2050 pacemque
2702 1941 2704 2032 ¹

377 2085 690 2157 dissuasit.
793 2083 873 2146 V.
918 2083 1288 2148 Aristoteles
1341 2082 1512 2166 apud
1536 2165 1541 2172 ι
1566 2081 1977 2146 Scholiastam
2024 2082 2105 2149 ad
2158 2083 2595 2169 Aristophanis
2702 2077 2704 2160 ἶ

384 2205 548 2266 Rau.
605 2201 796 2264 138⁰.
905 2199 1217 2264 Irrisionis
1273 2203 1582 2264 rationem
1639 2218 1715 2264 ex
1768 2200 1986 2283 paucis
2044 2219 2205 2286 quae
2256 2211 2595 2287 supersunt

377 2319 758 2406 fragmentis*
790 2317 959 2382 haud
1001 2318 1189 2382 facile
1229 2321 1607 2407 perspicias,
1652 2319 1775 2383 nisi
1818 2320 1987 2400 quod
2027 2321 2441 2404 rapacitatem
2482 2323 2595 2387 ho-

335 2522 353 2533 *
385 2442 574 2504 minis
613 2438 852 2505 notavit
890 2439 956 2502 in
996 2458 1181 2505 versu
1225 2440 1391 2523 apud
1432 2438 1833 2503 Eustathium
1886 2438 1966 2501 ad
2010 2439 2133 2503 od.
2183 2460 2249 2524 p.
2296 2442 2471 2507 1441
2514 2445 2596 2506 26

387 2567 454 2623 et
495 2557 618 2620 alio
641 2553 839 2640 'apud
879 2556 1235 2621 Bekkerum
1278 2558 1516 2625 Anecd.
1573 2577 1637 2639 p.
1680 2548 1809 2620 418
1854 2557 1958 2635 15,
2013 2563 2407 2642 matremque
2464 2561 2597 2625 eius

387 2676 664 2759 piscibus
707 2675 1122 2739 devorandam
1164 2678 1413 2753 obiecit,
1457 2676 1692 2741 Athen.
1736 2676 1856 2741 Vll
1901 2698 1965 2761 p.
2010 2674 2136 2739 315
2158 2696 2213 2741 c.
2266 2686 2271 2691 ’
2308 2679 2598 2743 Eandem

381 2793 646 2856 barbaro
691 2810 980 2859 sermone
1034 2796 1397 2877 loquentem
1449 2794 1695 2859 induxit
1748 2799 1915 2857 teste
1958 2795 2310 2859 Scholiasta
2354 2797 2595 2863 Aristo-

379 2911 605 2995 phanis
648 2910 810 2973 Ran.
852 2915 1000 2975 690.
1055 2898 1246 2985 οὗτος
1302 2908 1374 2973 δὲ
1433 2896 1519 2989 ἦν
1574 2906 1629 2975 ὁ·
1666 2904 2069 2995 καλούμενος
2110 2909 2447 2997 Κλεοφῶν
2488 2912 2597 2978 λυ-

381 3020 673 3115 ροποιός.
725 3030 834 3109 ⁰⁸)
917 3027 1034 3089 καὶ
1075 3023 1369 3092 Πλάτων
1422 3028 1495 3091 ἐν
1536 3026 1934 3114 Κλεοφῶντι
1984 3023 2279 3115 δράματι
2332 3028 2601 3116 βαρβα·

381 3140 694 3232 ρίζουσαν
747 3140 912 3229 πρὸς
963 3139 1173 3209 αὐτὸν
1225 3142 1538 3225 πεποίηκε
1594 3143 1719 3226 τὴν
1772 3147 2063 3233 μητέρα,
2122 3147 2239 3209 καὶ
2292 3140 2471 3227 αὐτὴ
2512 3146 2597 3227 ,δὲ

260 3348 264 3353 ¹
389 3260 675 3353 Θρςῖσσα
716 3260 988 3345 ἐλέγετο.
1095 3270 1232 3347 Qua
1283 3268 1349 3329 iu
1402 3288 1479 3331 re
1522 3258 2248 3351 Hermippi'exemplum
2290 3276 2598 3351 sequutus

383 3397 524 3449 esse
582 3384 830 3447 videtur
884 3386 990 3467 qui
1045 3386 1399 3469 Hyperboli
1454 3393 1751 3465 matrem,
1804 3394 1877 3451 ut
1931 3387 2257 3451 barbaram
2312 3389 2599 3451 mulieris

384 3503 692 3588 originem
735 3502 1065 3582 irrideret,
1117 3506 1382 3570 barbare
1421 3505 1787 3591 loquentem
1828 3494 2179 3571 induxerat.
2281 3505 2363 3573 V.
2406 3525 2601 3591 supra

475 3798 586 3884 ⁹⁸)
633 3800 730 3861 Ita
771 3802 1089 3883 vulgatum
1137 3800 1485 3890 τυροποιός
1528 3812 1798 3874 correxit
1840 3810 2231 3887 Dindorfius,
2285 3812 2461 3893 quod
2500 3812 2599 3873 fu-

555 3886 648 3966 git
695 3886 820 3948 Th.
863 3890 1205 3970 Bergkium
1243 3895 1323 3956 ad
1364 3899 1593 3963 Anacr.
1634 3916 1700 3979 p.
1746 3896 1890 3959 129.
1994 3896 2263 3961 Fallitur
2312 3898 2601 3980 Toupius

557 3972 825 4033 Emend.
874 3973 962 4034 111
1009 3994 1072 4055 p.
1119 3976 1222 4039 95.
