2717 4800
1100 188 1386 236 ium-ons.
1899 232 1904 243 ,
2236 178 2362 247 188

170 311 623 417 unguentorum
680 355 861 415 usus,
916 339 997 401 de
1053 360 1177 421 quo
1224 342 1339 406 cfr.
1393 342 1878 427 Xenophontem
1921 327 2117 414 eoin.
2164 348 2224 413 11
2274 348 2360 413 in.

167 453 367 518 Aedes
421 472 597 530 suas,
663 474 923 536 quarum
980 458 1209 521 alteras
1261 460 1328 523 in
1395 462 1825 529 Melitensium
1877 484 2076 548 pago,
2146 466 2357 530 Schoi.

158 572 411 635 Luciani
454 573 584 637 lov·
608 572 801 656 Trag.
822 576 947 639 vol.
972 576 1033 638 11
1074 595 1139 658 p.
1162 578 1308 657 696,
1351 582 1580 647 alteras
1621 582 1688 645 in
1732 568 1996 648 Piraeeo
2040 583 2210 647 omni
2252 584 2363 646 de-

154 689 433 753 liciarum
475 708 719 787 genere⁴
750 693 1089 757 instructas
1130 694 1378 776 habuit,
1419 695 1776 781 Xenophon
1815 702 2012 767 Conv.
2055 701 2087 765 1
2128 702 2194 780 2,
2233 716 2361 765 non

154 811 383 873 scurris
432 788 675 872 tantum
731 814 796 872 et
847 812 1206 876 tibicinihus
1259 816 1522 899 aliisque
1585 818 1653 881 m
1711 836 1910 901 genus
1949 820 2359 909 nominibus,

152 900 439 1010 Xenoph.
484 929 685 997 Gonv.
725 928 755 992 1
800 930 904 995 11.
962 931 1025 994 11
1067 933 1131 1008 1,
1189 952 1408 996 verum
1463 936 1649 999 etiam
1699 936 2036 1018 sophistis,
2091 938 2158 1000 in
2201 955 2358 1018 quos

149 1046 494 1109 incredibili
535 1045 657 1110 fuit
701 1049 1159 1127 munificentia,
1204 1057 1570 1135 aperuerat,
1621 1054 2035 1119 Heindoriius
2089 1054 2170 1117 ad
2211 1054 2360 1117 Pla-

148 1166 307 1231 tonis
353 1166 623 1265 Theaet.
677 1187 741 1247 p.
784 1166 935 1245 358,
980 1184 1244 1247 quorum
1297 1168 1622 1235 hominum
1679 1172 2196 1235 consuetudinem
2236 1173 2362 1235 iam

146 1290 287 1350 ante
338 1285 537 1367 patris
595 1285 835 1347 obitum
893 1284 1245 1348 avidissime
1300 1306 1447 1351 eum
1505 1288 1841 1367 expetiisse
1897 1307 1974 1353 ex
2025 1290 2357 1354 Aeschinis

139 1402 449 1466 'Socratici
505 1402 753 1485 dialogo
801 1402 1037 1465 Calliae
1093 1405 1346 1467 nomine
1398 1404 1698 1485 inscripto
1758 1405 1925 1487 apud
1966 1407 2364 1471 Athenaeum

108 1507 121 1512 N
144 1520 199 1585 V
237 1542 307 1605 p.
354 1522 483 1583 220
504 1521 545 1584 b
607 1522 1021 1602 perspicitur,
1079 1540 1201 1602 qua
1236 1539 1334 1583 ‘ex
1385 1540 1459 1583 re
1513 1522 1800 1586 nonnihil
1851 1525 2184 1588 simultatis
2239 1524 2363 1609 ipsi

142 1659 285 1711 cum
325 1647 507 1724 patre
550 1640 830 1701 extitisse
885 1638 1119 1701 ibidem
1161 1638 1452 1721 legimus.
1563 1613 1821 1705 Mortuo
1865 1649 2075 1706 autem
2118 1644 2362 1724 Hippo-

54 1822 57 1831 ,
144 1758 287 1827 nico
346 1775 541 1839 quum
598 1756 911 1820 neminem
956 1744 1378 1839 voluptatibus
1421 1760 1552 1820 suis
1593 1759 2040 1842 impedimento
2084 1779 2227 1823 esse
2253 1743 2362 1821 ''vi-

15 1942 17 1963 3
142 1875 356 1952 deret,
414 1875 516 1939 vix
567 1874 689 1938 dici
730 1880 955 1959 ⁸potest
1009 1883 1299 1959 quantam
1367 1878 1761 1940 adulatorum
1821 1878 2362 1960 parasitorumque

141 1994 611 2056 multitudinem
664 1991 731 2056 in
792 1992 1045 2057 domum
1100 2013 1277 2057 suam
1331 1992 1680 2079 receperit,
1745 1996 2121 2060 Heraclides
2176 1993 2361 2056 Pont.

13 2154 15 2181 ι
144 2112 186 2175 1·
240 2113 287 2177 l.
342 2132 429 2194 p„
464 2110 593 2173 537
625 2113 687 2175 b.
795 2114 896 2175 Ex
957 2131 1034 2178 eo
1103 2131 1339 2195 genere
1393 2114 1654 2201 fuerunt
1723 2114 1991 2209 Gorgias
2057 2113 2365 2176 Prodicus

13 2246 15 2321 g
144 2230 529 2313 Protagoras
583 2232 985 2294 Antimoerus
1044 2232 1372 2312 ceterique
1429 2232 1820 2315 Protagorae
1860 2231 2178 2313 discipuli,
2221 2230 2362 2311 qui-

11 2374 13 2436 ;
145 2348 263 2412 bus
313 2349 643 2436 capiendis
678 2368 869 2433 quum
915 2348 1103 2414 aedes
1147 2352 1429 2434 quamvis
1474 2350 1893 2433 amplissimae
1941 2369 2067 2413 non
2111 2350 2366 2413 suffice-

143 2476 319 2547 rent,
376 2459 735 2541 ἐκκενώσας
783 2463 863 2530 τὸ
920 2467 1223 2552 ταμιεῖον
1263 2467 1403 2542 τοῖς
1459 2467 1816 2554 σοφισταῖς
1869 2465 2118 2546 ξενῶνα
2175 2486 2366 2529 κατει-

11 2567 13 2570 ’
144 2579 540 2663 σκευάσατο,
582 2593 655 2651 ut
696 2595 795 2652 est
836 2589 1004 2671 apud
1027 2589 1446 2672 Themistium
1470 2591 1578 2651 Or.
1601 2589 1812 2652 XXIX
1845 2607 1910 2671 p.
1954 2587 2081 2648 347
2105 2607 2159 2664 c,
2203 2604 2366 2666 quae

146 2706 337 2770 ducta
388 2713 536 2770 sunt
589 2729 626 2770 e
667 2707 947 2771 Platonis
990 2707 1167 2770 Prot.
1226 2729 1292 2789 p.
1334 2707 1484 2769 482.
1531 2707 1664 2769 484
1723 2707 1960 2770 Heind.
2045 2705 2226 2766 Haec
2269 2707 2366 2766 t‘ot

145 2832 210 2887 et
251 2833 429 2889 tanta
469 2828 618 2889 vitia
658 2827 845 2889 nullis
886 2827 998 2902 ille
1041 2827 1231 2888 animi
1263 2826 1363 2888 vel
1406 2825 1640 2906 ingenii
1683 2826 1863 2887 bonis
1905 2823 2363 2902 compensabat.

145 2944 309 3008 Nam
354 2946 522 3026 quod
576 2946 745 3008 tibiis
802 2945 958 3007 scite
1004 2948 1285 3008 cantasse
1329 2942 1560 3004 dicitur
1614 2964 1651 3004 a
1695 2942 2182 3006 chamaeleonte
2225 2941 2366 3002 He·
2448 2917 2457 2926 ”

145 3065 300 3128 racl.
354 3065 521 3145 apud
563 3064 958 3128 Athenaeum
1004 3064 1094 3128 IV
1136 3083 1201 3143 p.
1247 3062 1375 3124 184
1403 3062 1464 3138 d,
1506 3062 1573 3144 id
1627 3061 1808 3123 valde
1849 3080 2079 3123 vereor
2120 3065 2192 3122 ut
2235 3080 2366 3122 ma-

145 3202 314 3270 gnae
370 3182 542 3245 laudi
598 3181 657 3245 ei
710 3181 1062 3245 ducendum
1114 3182 1473 3263 putaverint
1529 3168 1967 3243 Athenienses.
2064 3178 2365 3240 Doctissi-

146 3321 321 3363 mum
366 3308 575 3364 autem
618 3302 727 3382 qui
771 3321 916 3363 eum
960 3299 1109 3360 dicit
1152 3299 1515 3364 Macrobius
1559 3298 1689 3358 Sat.
1713 3297 1834 3360 vn
1878 3297 1916 3357 1
1962 3297 2134 3358 haud
2176 3297 2365 3360 dubie
2422 3353 2427 3358 .

146 3421 353 3499 ipsam
403 3421 575 3483 illam
619 3439 762 3482 cum
817 3418 1116 3499 sophistis
1160 3401 1675 3480 consuetudinem
1718 3415 2052 3496 spectavit,
2111 3435 2189 3476 ex
2243 3432 2366 3494 qua

143 3557 279 3602 non
333 3539 558 3601 mirum
614 3544 712 3600 est
765 3539 819 3600 si
872 3538 1156 3624 aliquem·
1202 3535 1568 3598 eruditionis
1625 3534 1859 3608 cultum
1907 3533 2366 3614 ,literarumque

145 3674 430 3718 amorem
482 3656 791 3736 concepit.
889 3655 1167 3719 Scurrile
1218 3655 1494 3716 hominis
1549 3654 1870 3736 ingenium
1928 3654 2363 3716 et-vanitatem

143 3792 296 3866 cum
347 3775 486 3866 pari
541 3774 879 3839 insolentia
936 3774 1330 3838 coniunctam
1391 3773 1623 3856 optime
1685 3765 2026 3855 cognoscas
2069 3791 2107 3833 e
2149 3770 2361 3832 Xeno-

139 3891 403 3973 phontis
447 3894 643 3957 Conv.
690 3895 752 3956 11
796 3895 903 3958 20.
964 3894 1058 3957 111
1102 3895 1207 3957 10.
1262 3893 1352 3959 IV
1393 3893 1479 3956 in.
1525 3899 1589 3954 et
1631 3891 1888 3955 Hellen.
1928 3891 2020 3956 VI
2062 3891 2106 3951 8
2149 3891 2210 3965 (i,
2251 3886 2362 3951 ubi

140 4012 393 4092 generis
413 4013 823 4080 ‚nobilitatem
868 4033 905 4075 a
951 3999 1341 4094 Triptolemo
1403 4009 1574 4074 ducti
1613 4009 1992 4074 intolerabili
2034 4010 2220 4072 iactat
2259 4023 2359 4066 ar-
