2717 4800
406 148 497 217 vl
1276 146 1792 225 PRAEFATIO.

405 316 615 419 quasi
658 315 995 421 adoptiva
1043 315 1274 418 patria
1316 316 1472 413 fuit,
1523 317 1710 393 inter
1752 314 2306 396 iucundissimas
2335 318 2618 423 publici·

403 422 719 524 muneris
776 443 1291 545 occupationes
1355 444 1542 521 satis
1600 444 1725 521 otii
1787 442 1882 519 ad
1943 444 2128 523 haec
2193 445 2430 523 studia
2473 470 2592 525 co-

404 571 621 649 lenda
677 577 755 648 et
804 571 1200 648 doctrinam
1247 568 1650 669 augendam
1715 568 1881 645 mihi
1943 593 2372 649 concessum
2423 571 2594 649 fuis-

404 706 551 793 set,
598 722 763 773 mox
814 698 1223 776 Berolinum
1270 706 1576 773 vocatus
1627 703 1704 772 et
1753 698 2190 798 publicarum
2242 706 2317 777 et
2364 699 2596 803 priva-

401 832 633 901 tarum
694 846 1018 900 curarum
1084 823 1289 922 quasi
1348 830 1558 900 aestu
1614 823 1914 923 quodam
1963 826 2146 904 adeo
2195 851 2306 904 me
2369 828 2592 905 iacta-

404 959 549 1027 tum
576 950 799 1045 sensi,
840 956 920 1024 ut
947 949 1129 1025 satis
1154 950 1318 1025 mihi
1348 952 1602 1027 beatus
1629 949 1940 1047 viderer,
1979 952 2046 1029 si
2081 954 2384 1031 subinde
2407 956 2604 1031 velut

402 1078 711 1155 furtivas
773 1076 992 1153 horas
1072 1077 1528 1175 gravioribus
1589 1076 1904 1175 negotiis
1981 1088 2272 1181 ereptas
2351 1087 2602 1182 coepto

404 1206 609 1308 operi
656 1202 1067 1306 impendere
1108 1202 1382 1279 liceret.
1483 1200 1947 1302 Accedebat,
2011 1230 2102 1283 ne
2153 1207 2604 1309 inexpugna-

405 1333 619 1413 bilem
680 1331 867 1405 illam
950 1329 1223 1429 ingenii
1297 1326 1436 1405 mei
1514 1326 1608 1401 ad
1686 1330 2138 1407 scribendum
2213 1332 2610 1411 tarditatem

408 1480 940 1539 commemorem
964 1482 1009 1530 a
1034 1462 1354 1557 prompta
1383 1456 1750 1531 multorum
1802 1458 2174 1535 alacritate
2223 1461 2608 1537 vehemen-

408 1596 524 1666 ter
585 1586 1149 1685 discrepantem,
1200 1582 1394 1659 iusta
1443 1582 1783 1682 quaedam
1801 1638 1822 1679 ,
1874 1593 1952 1660 ιιι
2001 1584 2168 1660 mihi
2218 1586 2612 1676 videbatur,

406 1724 487 1794 et
532 1716 924 1791 litterarum
974 1708 1303 1809 dignitati
1369 1710 1608 1787 debita
1657 1711 2126 1808 verecundia,
2190 1736 2328 1812 qua
2387 1736 2616 1788 accu-
2652 1727 2661 1736 ·

409 1850 634 1919 ratam
680 1845 757 1917 et
782 1836 1196 1936 diligentem
1224 1861 1441 1935 quam
1487 1836 1722 1916 levem
1775 1847 1850 1915 et
1878 1839 2332 1943 praecipitem
2373 1863 2618 1915 curam

408 1971 483 2047 in
540 1971 887 2067 suscepto
952 1964 1245 2063 negotio
1310 1965 1672 2043 collocare
1733 1966 2096 2043 malebam.
2193 1965 2368 2043 Etsi
2427 1966 2621 2043 enim
2671 1926 2674 2021 Ῐ

410 2096 487 2173 in
534 2094 663 2171 tali
708 2094 953 2168 labore
1002 2090 1281 2194 plenam
1328 2092 1630 2169 omnium
1674 2115 1933 2168 *rerum
1995 2092 2626 2196 pertractationem
2673 2042 2678 2195 ’Ν

412 2222 573 2299 iure
616 2218 1038 2321 exspectari
1086 2243 1225 2295 non
1290 2242 1517 2320 posse
1577 2218 2095 2319 intelligebam,
2157 2221 2626 2299 vehementer
2678 2274 2679 2305 ι

412 2355 649 2426 tamen
698 2346 973 2424 animus
1036 2349 1127 2424 ab
1190 2370 1435 2423 eornm
1495 2344 1952 2424 festinatione
2013 2354 2090 2423 et
2113 2447 2122 2452 ἡ
2147 2343 2438 2426 levitate
2487 2349 2629 2426 ab·
2680 2405 2681 2414 x

412 2476 783 2570 horrebat,
850 2497 1033 2573 quos
1082 2473 1566 2551 necessariam
1613 2473 1943 2550 aedificio
1995 2474 2340 2550 struendo
2387 2482 2632 2552 mate-

413 2603 590 2681 riam
642 2601 892 2703 raptim
942 2617 1043 2678 cx
1089 2602 1445 2678 indicibus
1503 2601 1853 2700 colligere
1902 2609 1977 2676 et
2023 2609 2445 2704 properatost
2498 2604 2630 2678 in-

414 2727 615 2830 geni-i
662 2727 900 2808 foetus
938 2729 1044 2816 in
1099 2731 1518 2854 ⁴publicam
1525 2729 1755 2837 lucem
1780 2729 2224 2853 protrudere
2269 2729 2638 2806 videbam.

414 2855 668 2956 ltaque
718 2856 913 2932 lente
936 2826 1249 2954 .Ψίἰόαυί
1278 2866 1416 2949 nec
1429 2814 1644 2932 sini}
1623 2817 1931 2961 ,dignis
1969 2856 2383 2954 quibusdam
2417 2883 2642 2935 com-

376 3033 383 3042 ·
416 2981 776 3061 mentandi
826 2981 1508 3118 intermisssionibpgg:
1545 2989 1642 3066 at·
1621 2979 2200 3086 :progrediendo
2248 2991 2484 3060 tamen
2533 3009 2644 3062 eo

418 3107 767 3214 perducta
814 3133 957 3186 res
988 3098 1143 3219 est,
1152 3088 1255 3208 id
1275 3081 1580 3222 ‘y‘ehssj
1559 3096 1741 3210 illud
1790 3133 2018 3186 meum
2065 3108 2508 3187 consilinm
2481 3139 2650 3189 iam

419 3235 705 3314 tandem
784 3235 879 3311 ad
956 3208 1315 3319 οῆᾶιιὶιὶη·
1326 3187 1768 3332 ηἰᾱῖἰὶὶξςξεῃᾲ
1796 3237 2034 3312 liceat.
2143 3235 2312 3312 Erit
2389 3245 2655 3315 antem

420 3364 640 3442 totius
691 3362 933 3464 operis
968 3365 1344 3469 dispositio
1374 3365 1556 3442 haec
1576 3420 1598 3460 ,
1646 3371 1725 3440 ut
1769 3388 1978 3462 quum
2007 3362 2082 3438 in
2126 3362 2368 3466 prima,
2417 3372 2664 3467 quam'

423 3512 617 3568 nunc
648 3475 881 3592 ipsum
929 3494 1194 3593 publici
1237 3492 1418 3571 iuris
1465 3489 1683 3587 facio,
1724 3497 1928 3591 parte
1975 3495 2348 3591 poetarum.
2385 3490 2660 3568 histo-

426 3618 602 3695 riam
651 3619 1151 3716 enarraverim‚
1200 3621 1276 3696 in
1326 3620 1578 3716 altero,
1626 3616 1812 3717 quod
1860 3616 2046 3692 intra
2070 3615 2662 3737 proximnm“an-

427 3770 592 3822 num
634 3752 1000 3843 sequetur,
1048 3747 1406 3826 volumine
1455 3733 1916 3845 antiquorum,
1963 3745 2039 3823 in
2089 3742 2314 3823 tertio
2343 3742 2668 3822 medio-

429 3897 579 3950 rum
600 3926 621 3966 ,
682 3872 777 3947 in
802 3878 1050 3970 quarto
1104 3873 1409 3974 denique
1471 3879 1548 3950 et
1594 3870 1886 3972 quinto·
1860 3868 2234 3949 -volumine
2283 3880 2671 3951 novorum

434 3981 511 4078 et
550 4024 1053 4101 anonymorum
1096 4003 1520 4080 comicorum
1557 3998 1896 4100 reliquiae
1934 4023 2093 4076 cum
2131 3993 2368 4086 indice
2402 4022 2671 4099 grae-
