2717 4800
488 129 618 215 m
1414 163 1700 211 aureus·

486 319 697 386 nenda
737 315 1109 400 suspicatur,
1151 319 1224 378 ut
1265 333 1472 394 neque
1513 313 1753 390 Cratini
1791 302 2277 396 Χειμαζόμενοι
2320 331 2441 376 nec
2476 313 2673 392 Eupo-

485 439 633 504 lidis
677 428 1066 518 Νουμηνίαι
1105 451 1441 514 superesse
1480 431 1813 504 indicetur.
1898 424 2151 501 Titulus
2192 430 2442 494 fabulae
2481 433 2672 511 Eupo*-

486 557 693 622 lideae
746 555 829 619 ad
871 553 1171 618 novilunii
1217 570 1394 614 sacra
1436 555 1727 633 spectare
1780 545 2064 626 videtur,
2120 548 2204 611 de
2256 550 2482 630 quibus
2536 549 2671 610 hacc

484 677 785 758 leguntur
839 671 1004 760 apud
1058 668 1481 753 Porphyrium
1536 669 1619 732 de
1658 669 1907 735 Abstin.
1967 665 2029 731 11
2082 686 2149 750 p.
2194 665 2319 731 129
2372 659 2569 732 θ-ύειν
2618 661 2675 728 ἓν

486 791 631 865 τοῖς
685 779 1094 874 προσήκουσι
1128 779 1395 871 χρόνοις
1444 781 1615 850 κατὰ
1674 781 1863 869 μῆνα
1917 781 2201 847 ἕκαστον
2251 783 2397 860 ταῖς
2450 801 2678 868 νουμη-

487 904 667 984 νίαις
721 901 1186 994 στεφανοῦντα
1241 903 1358 968 καὶ
1413 897 1876 991 φαιδρύνοντα
1927 900 2050 967 τὸν
2100 897 2359 988 Ἑρμῆν
2403 902 2521 966 καὶ
2570 897 2677 977 τὴν

481 1021 778 1106 Ἑκάτην
814 1021 932 1090 καὶ
969 1015 1058 1087 τὰ
1098 1018 1304 1086 λοιπὰ
1341 1020 1477 1088 τῶν
1517 1020 1729 1106 ἱερῶν,
1772 1017 1823 1086 ἃ
1862 1019 1947 1106 δὴ
1992 1009 2143 1100 ἑοὺς
2174 1015 2539 1108 προγόνους
2576 1040 2680 1083 κα-

486 1143 809 1226 ταλιπεῖν,
850 1141 966 1209 καὶ
1004 1137 1209 1225 τιμᾶν
1249 1138 1644 1224 λιβανωτοῖς
1682 1142 1800 1206 καὶ
1840 1141 2157 1228 ψαιστοῖς
2196 1139 2311 1204 καὶ
2350 1133 2680 1212 ποπάνοις.

489 1267 623 1334 cfr.
668 1263 1120 1346 Theopompus
1163 1253 1330 1360 apud
1372 1262 1727 1326 Bekkerum
1772 1263 2011 1328 Anecd.
2054 1283 2119 1346 p.
2164 1264 2293 1328 328
2336 1263 2425 1326 29
2469 1267 2537 1324 et
2559 1261 2681 1325 Ari-

487 1384 695 1466 stoph.
737 1381 930 1461 Vesp.
973 1381 1057 1442 96
1111 1381 1324 1461 ibique
1366 1380 1637 1445 Scholia.
1734 1381 2115 1448 Fabularum
2155 1403 2195 1446 a
2237 1359 2558 1446 sacrorum
2598 1399 2684 1443 so-

486 1502 778 1571 lennibus
831 1499 1370 1564 denominatarum
1424 1501 1710 1581 exempla
1748 1499 2055 1562 hahemus
2111 1501 2489 1582 compluria,
2541 1518 2597 1560 v.
2636 1516 2683 1560 c.

487 1610 884 1694 Λωδεκάτην
925 1617 1223 1700 Philyllii,
1273 1614 1575 1680 Χαλκεῖα
1615 1619 1986 1696 Menandri,
2027 1619 2150 1683 alia
2190 1619 2477 1704 aliorum.
2566 1614 2685 1679 Cir.

458 1718 797 1810 'Lobeckii
841 1737 1154 1820 Aglaoph.
1210 1758 1275 1820 Ρ.
1317 1737 1468 1820 43⁷·
1567 1737 1781 1802 Minu.
1824 1738 2066 1813 nanis,
2093 1736 2304 1822 placet
2344 1737 2548 1812 rano,
2597 1732 2689 1814 qui

488 1859 839 1926 comment.
895 1856 978 1919 de
1031 1857 1160 1919 vita
1211 1853 1532 1938 Aristoph.
1592 1873 1660 1938 p.
1719 1857 1847 1922 374
1913 1863 2023 1920 aut
2075 1840 2229 1919 solis
2282 1855 2545 1918 defectu
2594 1856 2687 1914 aut

485 1969 830 2060 pavonibus
899 1967 1322 2055 Νουμηνίαις
1377 1974 1645 2039 ostensis
1708 1993 1826 2060 pro
1902 1973 2265 2040 comoediae
2330 1977 2689 2056 argumento

485 2092 866 2176 Eupolidem
905 2111 1090 2156 usum
1133 2111 1276 2157 esse
1317 2091 1691 2175 suspicatur.⁴

658 2213 860 2292 quam
915 2200 1196 2271 Πόλεων
1245 2212 1499 2277 nomine
1566 2209 1881 2293 inscripsit
1931 2207 2246 2285 fabulam,
2312 2209 2451 2272 eius
2516 2223 2691 2288 argu-

485 2336 769 2404 mentum
821 2325 993 2392 haild
1049 2328 1349 2394 dissimile
1402 2327 1601 2394 fuisse
1657 2329 1905 2396 videtur
1959 2328 2021 2393 ei
2078 2325 2246 2409 quod
2312 2326 2379 2390 iu
2449 2317 2693 2409 Δήμοις

487 2454 679 2539 poeta
732 2454 1109 2515 tractaverat
1156 2452 1182 2489 ⁸
1203 2454 1301 2530 ¹);
1359 2456 1534 2512 certe
1588 2448 1863 2532 graviter
1914 2446 2185 2536 traducit
2226 2445 2694 2511 Atheniensium

487 2568 724 2659 ‘ducum
774 2568 1144 2650 pravitatem
1197 2567 1365 2648 apud
1404 2564 1799 2631 Athenaeum
1841 2562 1902 2629 X
1956 2585 2017 2647 p.
2062 2564 2189 2628 425
2210 2566 2251 2628 b
2314 2569 2381 2630 et
2420 2564 2698 2628 Scholia-

493 2696 655 2754 stam
698 2686 1135 2767 Aristophanis
1175 2688 1345 2751 Nub.
1389 2686 1537 2763 588,
1576 2684 1729 2747 item
1771 2682 2035 2746 Demum
2080 2682 2455 2766 Pyrilampis
2505 2683 2700 2743 filium

489 2805 658 2893 apud
701 2804 1112 2869 Scholiastam
1155 2805 1349 2887 Vesp.
1392 2806 1480 2867 48
1534 2808 1601 2865 et
1640 2802 2040 2865 Adimantum
2082 2802 2249 2887 apud
2289 2800 2698 2866 Scholiastam

487 2926 656 2991 Rau.
698 2923 888 3000 1561,
943 2918 1052 2983 ubi
1108 2941 1225 3003 pro
1267 2898 1702 3007 Λευιῖὸλόφου
1741 2920 2137 2983 scribendum
2179 2914 2704 3005 Λευκολοφίδου,

489 3042 576 3109 de
623 3061 744 3122 quo
787 3039 1044 3102 homine
1084 3040 1231 3103 vide
1276 3042 1354 3105 Τ.
1399 3040 1952 3109 Hemsterhusium
1994 3038 2073 3101 ad
2098 3039 2356 3103 Lucian.
2403 3040 2435 3104 1
2478 3060 2548 3125 p.
2583 3038 2703 3102 157

493 3166 562 3225 et
603 3157 1044 3223 Heindorfium
1087 3158 1168 3221 ad
1211 3158 1491 3223 Platonis
1534 3159 1785 3243 Protag.
1828 3179 1893 3241 p.
1934 3158 2083 3221 486.
2181 3160 2406 3241 Neque
2444 3158 2709 3221 leniori-

490 3280 611 3344 bus
665 3277 960 3341 conviciis
1031 3278 1363 3361 exagitavit
1415 3279 1742 3360 Amyniam
1811 3277 1978 3361 apud
2040 3275 2457 3340 Scholiastam
2503 3278 2709 3359 vesp.

493 3522 500 3528 ·
581 3484 694 3563 ⁸¹)
735 3479 957 3555 Recte,
998 3486 1072 3543 ut
1111 3481 1381 3558 videtur,
1426 3480 1696 3567 Raspius
1738 3484 1781 3547 l.
1823 3483 1868 3547 1.
1911 3502 1974 3564 p.
2018 3480 2105 3540 83
2146 3479 2422 3559 Eupolin
2464 3479 2537 3542 in
2558 3472 2683 3555 Ar}

662 3583 814 3645 μοις
858 3584 965 3626 eas
1019 3584 1128 3627 res
1180 3572 1485 3627 tractasse
1538 3571 1754 3630 statuit
1810 3588 1969 3649 quae
2024 3566 2417 3658 pertinerent
2472 3566 2561 3628 ad
2619 3566 2711 3627 re‘

601 3649 952 3732 publicae
997 3650 1398 3713 domesticam
1443 3650 1850 3734 disciplinam,
1892 3655 1958 3716 in
1980 3644 2257 3709 Πόλεσι
2281 3670 2430 3711 vero
2477 3652 2685 3713 exhor

659 3740 858 3797 tatum
903 3755 1041 3797 esse
1083 3738 1531 3813 Athenienses,
1586 3757 1669 3799 ne
1726 3740 1955 3801 diutius
2013 3755 2196 3798 avare
2239 3735 2677 3817 crudeliterqu

661 3820 730 3882 in
774 3822 976 3883 socios
1022 3822 1438 3893 consulerent.
1526 3823 1699 3904 ipsas
1724 3824 2017 3887 Civitates
2052 3824 2418 3902 personatas
2460 3821 2534 3883 in
2578 3842 2687 3883 sce

667 3926 810 3968 nam
853 3907 1158 3986 prodiisse
1201 3906 1551 3988 fragmenta
1592 3909 1784 3971 fidem
1827 3909 2086 3984 faciunt,
2130 3905 2338 3985 quode
2381 3904 2691 3973 admonui

667 3991 856 4055 etiam
897 3990 1344 4056 Dobraeus'ad
1388 3994 1823 4077 Aristophanis
1865 3994 2033 4057 Plut.
2078 3992 2227 4055 718.
