2717 4800
1022 194 1310 245 turonia.
2149 182 2282 251 187

489 344 817 435 φοροῦσιν
857 341 1265 433 ἁρπάζουσιν
1302 346 1374 413 ἐκ
1412 342 1532 425 τῆς
1574 337 1788 435 οἰκίας
1888 435 1894 443 ο

486 450 581 534 τὸ·
607 464 905 555 χρυσίον,
947 464 1271 555 τᾶργύρια
1312 465 1695 552 πορθεΐται,
2236 546 2244 553 Ι

103 584 371 669 bonisque
424 606 644 669 regem
699 607 881 652 suum
938 590 1226 671 spoliant.
1326 588 1591 649 Praeter
1630 584 2038 665 Protagoram
2092 584 2282 648 alios-

104 723 203 782 que
242 705 566 786 Sophistas
610 706 887 769 adfuisse
932 707 1119 769 etiam
1163 707 1712 788 Chaerephontem
1757 708 1822 764 et
1864 690 2282 767 Melanthium

76 828 321 908 ¹poetam
364 826 673 906 tragicum
713 824 1047 907 gulositate
1088 826 1411 904 infamem,
1477 826 1704 887 docent
1745 821 2094 886 Scholiasta
2137 820 2282 883 Pla-

101 940 245 1002 tonis
284 942 483 1005 nekk.
522 962 589 1022 p.
632 942 753 1004 831
805 948 871 1004 et
912 943 1228 1025 Aristoph.
1272 944 1422 1008 Pac.
1465 944 1638 1006 803..
1663 942 1986 1016 Orestem,
2027 946 2284 1001 noctur·

98 1076 226 1119 uum
264 1066 703 1151 grassatorem,
745 1062 1069 1144 Aristoph.
1114 1064 1229 1127 Av.
1252 1064 1402 1139 712,
1447 1067 1513 1123 et
1556 1061 1917 1141 Marpsiam,
1957 1054 2286 1121 turbulen-

98 1180 210 1237 tum
252 1176 696 1261 dema'gogum,
739 1168 1061 1260 Aristoph.
1103 1181 1377 1244 Acharn.
1419 1180 1545 1241 701
1593 1198 1735 1239 cum
1777 1176 2064 1256 scholiis,
2117 1178 2288 1240 inter

98 1293 308 1358 Calliae
370 1298 728 1362 adulatores
786 1305 1233 1360 commemorat
1275 1299 1576 1363 Aelianus
1619 1274 1786 1379 apud
1827 1296 2086 1361 Suidam
2129 1315 2180 1359 a.
2223 1314 2287 1361 v.

96 1406 484 1491 βομβοῢσιν,
540 1423 611 1478 ut
650 1416 772 1478 hos
816 1416 1004 1478 etiam
1056 1415 1122 1479 in
1162 1437 1415 1482 scenam
1455 1416 1844 1479 introductos
1886 1416 2086 1478 fuisse
2136 1434 2288 1479 con-

93 1527 262 1600 iicias.
366 1536 612 1597 Nomen
663 1535 936 1611 fabulae,
978 1542 1053 1597 ut
1092 1534 1219 1597 hoc
1261 1536 1519 1612 addam,
1562 1541 1817 1616 praeter
1859 1533 2290 1616 Phrynichum
2344 1534 2360 1551 “

96 1648 219 1712 Ecl.
261 1670 325 1731 p.
377 1653 499 1713 139
558 1653 766 1735 attigit
806 1653 1172 1717 Athenaeus
1216 1654 1307 1717 vl
1361 1674 1426 1736 p.
1471 1655 1598 1717 236
1625 1675 1661 1718 e
1712 1647 1999 1727 κόλακας
2039 1656 2117 1717 ab
2159 1656 2294 1717 Eu·-

90 1767 285 1846 polide
328 1770 531 1835 dictos
574 1791 716 1835 esse
758 1771 1131 1850 admonens,
1184 1792 1340 1853 quos
1393 1775 1671 1854 sequiori
1731 1779 1941 1835 aetate
1993 1763 2294 1855 παρασί-

19 1954 22 1971 ,
92 1902 228 1958 τους
252 1890 745 1970 appellaverint,
789 1893 896 1972 qui
940 1911 1063 1973 quo
1107 1892 1345 1969 habitu,
1390 1897 1565 1954 certe
1605 1910 1728 1973 quo
1771 1890 2034 1953 vestium
2077 1890 2294 1987 colore
2389 1925 2398 1931 -

92 2004 147 2065 ia
186 2025 439 2071 scenam
482 2009 851 2092 prodierint,
896 2011 1084 2080 docet
1123 2008 1757 2115 Schweighaeuser-us
1801 2009 1881 2073 ad
1899 2008 2296 2073 Athenaeum

94 2124 205 2188 vol.
247 2126 345 2189 111
391 2149 456 2208 p.
500 2128 653 2190 391.

246 2245 537 2308 Celebris
578 2248 798 2310 itidem
841 2246 1175 2329 multisque
1218 2222 1624 2332 scriptoribus
1669 2250 2010 2310 memorata
2065 2250 2162 2307 est
2196 2244 2297 2307 fa·
2405 2299 2436 2322 ,

92 2356 223 2425 bula
276 2361 597 2448 Μαρικᾶς
647 2367 980 2449 inscripta,
1055 2386 1176 2449 quo
1231 2368 1671 2450 Hyperbolum
1690 2412 1711 2444 ,
1775 2364 2298 2430 turbulentissimi

89 2475 399 2544 hominem
452 2483 720 2564 ingenii,
776 2485 852 2549 ab
895 2486 1212 2567 Eupolide
1268 2489 1681 2570 significatum
1741 2504 1882 2548 esse
1925 2485 2161 2547 diserte
2200 2490 2300 2546 te-

90 2604 320 2664 stantur
365 2603 820 2683 Aristophanes
875 2606 1038 2669 Nub.
1084 2606 1214 2668 547
1260 2625 1352 2687 sq.
1423 2606 1680 2687 Quintih
1725 2604 1754 2666 1
1809 2602 1894 2664 10
1937 2604 2044 2668 17.
2098 2602 2299 2665 Scho-

21 2727 23 2736 '
88 2714 254 2820 liasta
326 2719 784 2802 Aristophanes
841 2724 1004 2787 Rau.
1061 2703 1191 2786 577
1254 2726 1516 2804 aliisque
1563 2724 1760 2787 locis.
1868 2723 2113 2784 Nomen
2169 2741 2298 2783 non
2371 2753 2374 2760 ·

89 2858 345 2918 graecae
389 2842 505 2903 sed
546 2842 848 2903 barbarae
894 2842 1151 2924 originis
1194 2863 1334 2906 esse
1394 2844 1628 2906 iudicat
1684 2838 2079 2921 Hesychiusz
2133 2835 2304 2899 Mna

90 2956 297 3038 ρικᾶν,
358 2953 686 3028 κίναιδον.
772 2937 841 3020 οἱ
900 2957 971 3022 δὲ
1016 2953 1438 3046 ὑποκόρισμα
1489 2954 1768 3025 παιδίου
1821 2951 2092 3044 ἄρρενος
2133 2954 2301 3041 βαρ-

90 3072 383 3162 βαρικοῦ,
430 3097 552 3159 quo
594 3078 735 3140 loco
782 3078 887 3159 qui
928 3081 1028 3142 usi
1071 3086 1217 3142 sunt
1258 3082 1339 3143 ad
1369 3081 1800 3163 Aristophanis
1844 3079 2060 3142 Nubes
2103 3077 2303 3158 Berg-

90 3191 247 3260 lerus
294 3205 366 3259 et
413 3189 780 3275 Brunckius,
824 3197 950 3264 'non
993 3198 1285 3262 viderunt
1325 3201 1664 3282 legendum
1710 3218 1850 3261 esse
1872 3187 2304 3280 βαρβαρικόν.

88 3311 171 3376 Ex
212 3317 471 3397 persica
523 3315 737 3398 lingua
780 3317 1038 3380 deduxit
1078 3320 1436 3382 Bernardus
1490 3319 1569 3381 ad
1612 3311 2037 3399 Hesychium,
2091 3314 2306 3376 admo-

92 3449 233 3497 nens
291 3434 415 3496 ille
468 3434 652 3496 etiam
708 3435 1070 3520 Etymologi
1113 3440 1206 3503 Μ.
1263 3459 1328 3521 p.
1373 3438 1494 3502 221
1545 3437 1648 3502 41.
1710 3429 1782 3494 Γ
1765 3424 2013 3516 αρὶμας
2061 3427 2136 3492 ἐκ
2186 3421 2310 3490 ῐθῧ

92 3546 446 3638 Μαρίκας,
488 3545 549 3632 ἢ.
576 3549 647 3614 ἐκ
681 3549 805 3618 τοῦ
845 3548 1121 3638 γαρίκας
1164 3553 1277 3618 καὶ
1320 3548 1629 3640 μαρίκας.
1715 3548 2065 3637 βάρβαρον
2107 3544 2181 3610 δὲ
2221 3541 2302 3610 τὸ
2353 3615 2359 3622 .

90 3659 300 3752 ὄνομα
358 3671 481 3734 καὶ
532 3666 575 3750 ἡ
620 3667 833 3747 κλίσις
888 3673 1003 3736 καὶ
1058 3667 1096 3736 ὁ
1148 3668 1359 3749 τόνος.
1459 3679 1634 3755 Quae
1688 3693 1813 3738 non
1865 3690 1996 3734 uno
2018 3670 2308 3732 ,nomine

92 3783 389 3874 cori-apta
456 3798 620 3856 suut.
736 3794 1045 3875 Compara
1117 3793 1541 3876 Hesychium,
1625 3791 1696 3856 Γ
1682 3780 2090 3875 αριμᾶνΐαςῑ
2157 3779 2310 3860 ’τοὺς

92 3897 510 4000 βαρβάρους.
580 3913 749 3994 quod
800 3934 925 3976 non
981 3923 1156 3977 recte
1227 3915 1289 3978 in
1346 3909 1796 3997 Γαράμαντας
1852 3907 2080 3972 mutari
2134 3909 2310 3986 puto.
2425 3937 2431 3956 ἴ

92 4026 247 4092 Hinc
288 4037 595 4114 apertum
640 4037 739 4098 est
781 4035 947 4117 apud
977 4035 1317 4100 Lucianum
1336 4035 1598 4121 Lexiph.
1643 4032 1766 4097 vol.
1813 4027 1876 4094 11
1917 4045 1984 4110 p.
2025 4025 2154 4088 826
2194 4024 2348 4108 pro'
