2717 4800
373 164 463 227 88
756 178 765 185 ·
1260 162 1668 225 vennenses.

488 322 505 331 ’
546 332 746 414 Quam
791 320 1237 415 Ἀψευδεΐς
1290 332 1610 415 inscripsit
1649 330 1961 409 fabulam,
2015 330 2094 395 ab
2135 348 2262 395 uno
2303 330 2567 395 laudatur

376 450 637 519 Polluce
678 450 737 513 X
780 453 885 529 68,
937 452 1046 514 ubi
1096 451 1264 513 varia
1307 451 1664 515 osculorum
1706 468 1940 533 genera
2001 450 2068 513 ln
2114 471 2190 513 ea
2232 456 2575 513 enumerata

378 574 587 649 tradit,
645 574 709 634 et
760 570 912 633 ibid.
966 571 1074 633 ue.
1182 570 1469 649 Utroque
1522 568 1663 632 loco
1717 567 2046 650 legebatur
2102 568 2252 631 olim
2315 563 2580 631 Ψευδὲσο

378 713 496 777 pro
542 711 617 755 eo
662 688 831 769 quod
888 708 925 750 e
970 668 1152 750 codd.
1194 689 1436 769 primus
1479 685 1930 751 commendavit
1973 686 2295 767 Kuhnius‚
2337 679 2582 772 Ἀψευ-

386 806 551 873 δέσι.
641 807 741 873 Ad
786 806 1048 869 eandem
1091 806 1390 883 fabulam,
1431 812 1698 889 propter
1735 805 2014 869 Pollucis
2056 805 2264 869 locum
2305 810 2585 891 priorem,

382 926 721 995 referenda
744 904 919 991 'haec
954 925 1295 1009 Hesychiiz
1337 918 1653 1009 Δρεπτόυ,
1695 907 1872 999 εἶδος
1911 915 2306 1011 φιλήματος,
2343 918 2433 1001 ὥς
2463 924 2592 1004 Τη-

384 1040 739 1123 λεκλείδης.
2664 1064 2670 1145 1

556 1164 857 1248 Sequitur
908 1136 1349 1241 ’Ἡσίοδοι,
1405 1162 1609 1228 minus
1650 1170 1827 1229 recte
1861 1154 2176 1240 Ἡσίοδος
2219 1164 2384 1228 dicta
2428 1163 2598 1229 Anti·
2666 1150 2673 1289 {¹

387 1286 559 1352 attic.
600 1305 666 1367 Ρ.
708 1284 790 1346 91
834 1284 900 1347 4.
963 1283 1091 1345 110
1134 1282 1240 1360 25,
1326 1284 1560 1346 Suidae
1601 1303 1654 1347 s.
1699 1304 1758 1349 v,
1803 1276 2071 1372 οὐδαμῇ
2114 1290 2182 1347 et
2221 1284 2600 1348 Scholiastae
2671 1302 2675 1365 ⁴,

388 1403 470 1469 ad
511 1400 830 1484 Aristoph.
862 1400 1186 1477 mallee,
1230 1400 1339 1463 ubi
1383 1400 1801 1465 Proxenidem
1841 1374 1908 1466 in
1952 1423 2028 1465 ea
2070 1400 2428 1484 angina-tum
2471 1420 2622 1463 esse·
2675 1413 2678 1455 Ι

391 1520 709 1587 discimus.
832 1520 905 1583 ln
980 1518 1202 1583 eadem
1265 1516 1542 1603 graviter
1599 1522 1836 1585 notavit
1896 1520 2275 1586 Androclem
2340 1525 2611 1585 testante
2677 1501 2679 1537 ⁷

392 1640 738 1707 Scholiasta
790 1640 953 1705 Ven.
1005 1638 1089 1702 ad
1143 1639 1461 1721 Aristoph.
1518 1638 1713 1722 Vesp.
1757 1640 1949 1717 1182,
2003 1640 2111 1703 ubi
2170 1640 2404 1703 codicis
2461 1638 2612 1703 scri-

395 1764 647 1846 pturam
704 1754 777 1821 ἐν
839 1778 979 1833 τοις
1032 1754 1159 1819 δυσ
1218 1758 1574 1823 emendavit
1627 1760 1987 1823 Dindorflus
2030 1759 2350 1842 Aristoph.
2391 1757 2616 1841 fragm.

394 1892 461 1964 Ρ.
514 1880 595 1958 V,
666 1886 733 1944 et
786 1878 1174 1961 Nothippum
1234 1885 1486 1958 poetam
1527 1877 1857 1961 ‚tragicum
1925 1877 2258 1961 gulositate
2319 1878 2621 1942 infamem

328 2026 335 2037 ·
398 1999 630 2065 Athen.
674 1997 829 2063 VIII
868 2016 934 2078 Ρ.
979 1996 1105 2058 344
1123 1996 1185 2071 d,
1229 1995 1580 2060 Philoclem
1602 1997 1901 2080 Aeschyli
1943 2017 2020 2061 ex
2061 2016 2280 2061 sorore
2321 2004 2625 2081 nepotem

402 2116 617 2182 Schol.
661 2116 981 2198 Aristoph.
1016 2114 1276 2177 Thesm.
1320 2115 1467 2193 168,
1509 2116 1779 2180 fortasse
1823 2117 2012 2179 etiam
2057 2118 2271 2179 Ionem
2313 2122 2630 2202 tragicum

405 2235 637 2302 Athen.
678 2235 834 2301 VIII
875 2254 939 2316 Ρ.
982 2232 1195 2298 84411.
1292 2233 1621 2318 Frequens
1661 2236 1853 2319 igitur
1893 2241 2221 2317 poetarum
2259 2236 2328 2299 in
2366 2238 2490 2301 hac
2533 2238 2631 2300 fa-
2696 2287 2697 2291 ,

404 2353 556 2418 bula
606 2354 843 2419 mentio
901 2352 1069 2416 facta
1128 2356 1283 2415 erat.
1370 2352 1538 2416 Hinc
1589 2355 1740 2418 satis
1792 2355 2132 2437 probabilis
2175 2356 2374 2420 videri
2414 2360 2638 2442 potest

413 2473 775 2537 coniectura
816 2473 1125 2536 Dindorfli
1169 2473 1247 2534 ad
1276 2473 1710 2554 Aristophanis
1750 2473 1977 2557 fragm.
2021 2495 2086 2558 p.
2130 2475 2239 2553 IV,
2281 2495 2361 2540 ex
2401 2477 2642 2538 eodem

414 2589 695 2656 dramate
738 2595 1002 2675 petitum
1045 2611 1184 2654 esse
1227 2589 1435 2655 locum
1479 2591 1818 2654 Teleclidis
1856 2593 1933 2654 ab
1977 2598 2235 2656 auctore
2273 2594 2460 2675 Vitae
2502 2595 2644 2658 Eu-

414 2709 635 2792 ripidis
674 2729 741 2793 Ρ.
784 2712 911 2774 193
968 2710 1190 2775 Elmsl.
1245 2717 1592 2786 servatum,
1641 2710 1708 2774 in
1767 2729 1892 2792 quo
1935 2711 2271 2793 Euripides
2313 2733 2350 2775 a
2391 2713 2652 2776 Mnesi-

418 2829 605 2892 locho
651 2837 717 2892 et
760 2832 1021 2895 Socrate
1074 2830 1164 2893 in»
1190 2829 1530 2913 tragoediis
1569 2828 1874 2892 faciendis
1918 2829 2164 2892 adiutus
2204 2850 2344 2895 esse
2387 2807 2652 2896 dicitur.

420 2952 805 3030 Quamquam
851 2969 927 3012 ea
970 2968 1094 3010 non
1135 2949 1222 3025 ita
1264 2955 1438 3011 certa
1483 2955 1579 3009 est
1621 2948 1980 3010 coniectura
2021 2955 2092 3011 ut
2135 2951 2266 3013 visa
2310 2956 2407 3013 est
2431 2951 2660 3014 Fritz-

415 3067 595 3129 :chlo
640 3051 895 3148 quaest.
938 3065 1128 3128 Arist.
1176 3063 1205 3126 1
1248 3083 1312 3146 p.
1336 3064 1484 3140 152,
1529 3083 1719 3146 quum
1763 3073 1980 3148 poetas
2015 3067 2407 3131 Teleclidem
2451 3071 2667 3134 etiam

426 3184 564 3247 aliis
626 3185 693 3247 in
748 3183 979 3248 fabulis
1022 3199 1542 3244 commemorasse
1585 3185 2000 3248 certissimum
2053 3187 2154 3253 sit.
2255 3189 2398 3256 vid.
2441 3189 2669 3253 Athe-

427 3321 621 3368 naeus
662 3303 814 3370 XIV
868 3322 933 3384 Ρ.
977 3301 1102 3364 639
1128 3322 1165 3364 a
1221 3306 1286 3364 et
1336 3300 1695 3384 Hesychius
1753 3321 1805 3365 s.
1849 3323 1908 3367 v.
1953 3295 2348 3388 ὃορυφὸνον.
2445 3307 2674 3372 Deni-

432 3441 555 3504 que
596 3423 765 3486 haud
804 3423 1064 3503 inepte,
1120 3425 1192 3483 ut
1235 3421 1386 3483 mihi
1431 3420 1681 3501 quidem
1721 3422 2003 3501 videtur,
2062 3425 2142 3486 ad
2185 3425 2502 3490 Hesiodus
2553 3449 2680 3492 re-

435 3539 609 3604 feras
650 3561 811 3623 quae
852 3541 1017 3624 apud
1064 3537 1360 3603 Photium
1403 3539 1702 3622 leguntur
1743 3541 1896 3605 Lex.
1939 3564 1999 3624 p.
2048 3543 2176 3607 565
2215 3547 2260 3609 7
2309 3542 2690 3622 Τηλεκλεί-

436 3655 560 3737 δης
599 3677 770 3722 τισι·
823 3657 973 3727 Τῶν
1016 3653 1321 3720 δυνατῶν
1360 3676 1428 3718 τι
1470 3650 1706 3720 κέλευ’·
1753 3650 1836 3721 οὗ
1873 3654 2002 3756 γὰρ
2042 3659 2226 3752 παρὰ
2241 3657 2690 3762 Κενταύροι-

438 3793 571 3843 σιν.
674 3779 820 3846 Ubi·
846 3799 965 3861 pro
1006 3795 1165 3856 τισι,
1211 3777 1278 3848 h.
1322 3797 1383 3841 e.
1429 3773 1630 3858 ΗΣΙ,
1672 3780 2092 3847 cribendum,
2112 3785 2359 3847 videtur
2394 3775 2696 3848 Ἡσιό-

442 3893 607 3975 δοις.
704 3897 969 3963 Praeter
1008 3898 1196 3960 allata
1238 3897 1380 3964 loca
1421 3899 1618 3962 semel
1659 3899 1934 3976 Hesiodi,
1968 3909 2538 3976 commemorantur
2595 3909 2700 3980 ab

444 4017 769 4086 Athenaeo
812 4015 907 4083 111
948 4036 1013 4106 Ρ.
1055 4015 1142 4082 ΒΊ
1159 4036 1229 4088 ι.
1945 4021 1950 4028 ’
